3236 4850
781 205 989 268 ...14-

404 415 579 496 Porpurea
603 419 727 482 intexti
751 419 875 482 tollant
900 419 1023 483 aulaea
1041 418 1254 504 Britannum

1293 525 1339 611 (v.
1365 525 1524 611 ael-25.)

246 630 430 712 Splendida
455 650 493 698 ac
517 633 696 715 magnifica
721 638 820 699 erunt
845 637 1040 699 ornamenta
1073 635 1198 718 templi,
1224 635 1259 698 iu
1296 634 1444 715 Augusti
1468 633 1523 698 ho·

243 758 356 804 norem
380 738 591 805 aedificandi.
617 739 667 805 Ac
691 743 797 821 primo
822 741 906 806 facit
931 744 1030 822 poeta
1064 743 1265 805 mentionem
1290 760 1423 824 pugnae
1448 759 1523 806 con-

245 849 300 910 tra
324 850 506 911 extremum
532 847 703 913 Orientem
718 848 935 934 pugnatam)
953 853 987 912 et
1003 849 1190 914 Octaviano
1205 848 1328 912 tribuit
1344 866 1523 929 cognomen

247 954 428 1019 conditoris
453 955 591 1020 Romae:

405 1063 446 1135 In
471 1063 597 1128 foribus
623 1082 769 1145 pugnam
790 1084 830 1129 ex
857 1083 937 1129 auro
962 1064 1133 1147 solidoque
1158 1063 1336 1144 elephanto

407 1168 639 1252 Gangaridum
663 1170 784 1236 faciam
808 1173 1013 1253 victorisque
1039 1190 1130 1237 arma
1155 1170 1304 1253 Quirini.
1329 1225 1335 1234 .

1293 1275 1340 1361 (v.
1367 1274 1524 1356 ae-au.)

246 1384 382 1448 iubebit
407 1385 509 1448 etiam
534 1388 633 1464 poeta
657 1385 858 1464 sculpturam
884 1384 1048 1466 effingere
1074 1387 1180 1450 uictos
1204 1384 1315 1466 Indos,
1331 1383 1524 1464 Aegyptum

247 1491 429 1573 subactam,
455 1492 580 1575 Asiam,
617 1492 818 1574 Armeniam,
854 1492 996 1556 Parthos
1031 1493 1091 1556 sub
1125 1494 1344 1557 Romanorum
1378 1493 1525 1571 potesta-

246 1603 313 1662 tem
336 1599 546 1684 redactosz‘29)

405 1705 518 1788 Atque
542 1707 597 1772 hic
622 1706 804 1772 undantem
828 1708 915 1772 bello
940 1726 1161 1790 magnumque
1185 1707 1342 1772 fluentem

409 1815 521 1879 Nilum
544 1833 582 1880 ac
607 1817 724 1880 nauali
749 1819 920 1897 surgentis
945 1835 1022 1880 aere
1047 1816 1225 1880 columnae.

408 1921 538 1986 Addam
564 1923 663 1987 urbes
688 1925 792 1988 Asiae
818 1923 959 1988 domitas
985 1923 1183 2004 pulsumque
1207 1922 1378 2002 Niphaten

409 2028 654 2112 Fidentemque
678 2031 762 2112 iuga
787 2031 950 2096 Parthum
976 2032 1148 2112 versisque
1173 2031 1323 2112 sagittis.
1349 2081 1372 2093 ..

1294 2137 1340 2223 (v.
1367 2137 1526 2221 aii—31.)

248 2243 287 2306 Iu
313 2243 440 2309 foribus
465 2245 564 2309 huius
597 2245 714 2324 templi
756 2248 919 2325 exprimet
960 2245 1052 2310 Maro
1094 2248 1252 2310 uictorias
1292 2245 1444 2328 Augusti
1486 2245 1525 2310 de

248 2352 352 2415 Bruto
377 2355 411 2416 et
436 2353 550 2417 Oassio
575 2356 677 2436 atque
703 2353 742 2417 de
768 2354 868 2418 Sexto
896 2355 1049 2434 Pompeio
1074 2356 1199 2435 partas,
1226 2354 1350 2434 quibus
1375 2357 1525 2432 reporta·

247 2460 292 2523 tis
318 2459 525 2524 Octavianus
550 2460 601 2524 bis
631 2479 729 2526 orans
757 2460 1154 2543 u1·bemintravit.Quae
1178 2464 1318 2540 tropaea
1342 2465 1421 2525 suut
1446 2461 1523 2525 duo:

248 2565 390 2631 alterum
416 2566 456 2630 de
481 2567 620 2632 Oriente
646 2588 686 2632 ex
710 2573 815 2633 tremo
838 2570 939 2651 uictu,
967 2568 1108 2633 alterum
1133 2568 1172 2633 de
1198 2567 1394 2633 Occidente:

409 2676 455 2739 at
480 2675 543 2740 duo
568 2681 667 2756 rapta
691 2696 790 2741 manu
816 2676 948 2740 diverso
974 2695 1014 2740 ex
1038 2677 1133 2741 hoste
1158 2679 1300 2757 tropaea

409 2784 534 2866 Bisque
558 2787 784 2866 triumphatas
810 2788 952 2867 utroque
977 2786 1018 2850 ab
1043 2784 1142 2848 litore
1167 2785 1278 2865 gentis
1293 2783 1335 2868 30)

1293 2889 1341 2977 (u.
1368 2898 1409 2956 32
1460 2891 1526 2978 33.)

250 3016 396 3082 Stabunt
420 3020 521 3084 etiam
550 3023 685 3085 statuae
723 3039 925 3085 marmoreae
963 3023 1032 3085 tam
1070 3019 1231 3100 pulchrae
1271 3020 1304 3082 et
1345 3018 1524 3083 artificiose

250 3126 371 3207 pictae,
398 3131 436 3189 ut
459 3129 576 3191 vivere
601 3131 634 3191 et
659 3130 789 3207 spirare
814 3127 1005 3209 videantur,
1032 3128 1128 3209 quasi
1143 3127 1255 3206 gentis
1276 3125 1385 3188 Iuliae
1411 3143 1526 3206 proge-

250 3233 384 3297 nitores
411 3233 489 3298 Erit
514 3237 548 3298 et
572 3236 705 3315 signum
729 3234 896 3316 Invidiae,
923 3234 981 3299 sed
1005 3233 1163 3298 Inuidiae
1187 3235 1299 3297 uictae
1324 3236 1358 3296 et
1384 3235 1419 3296 iu
1445 3234 1526 3298 'Par-

257 3376 300 3383 *-

358 3429 391 3498 ²⁷)
412 3428 584 3484 Octavianus
604 3428 712 3496 paravit
731 3431 777 3483 vel
798 3446 827 3482 so
848 3444 948 3496 parare
970 3427 1113 3480 simulavit
1132 3427 1197 3482 vivo
1225 3426 1347 3494 Vergilio
1368 3427 1526 3494 expeditio-

246 3525 312 3562 nem
331 3514 430 3563 coutra
448 3510 609 3572 Britannos
636 3510 685 3563 sed
711 3526 863 3577 numquam
889 3510 962 3563 iecit.
983 3508 1033 3562 Hic
1053 3509 1132 3561 locus
1164 3507 1324 3560 referendus
1358 3512 1402 3560 est
1434 3511 1526 3576 potius

248 3590 285 3643 ad
304 3588 333 3646 C.
352 3590 454 3644 lulium
472 3589 632 3670 Caesarem,
651 3588 697 3658 qui
716 3593 868 3657 postquam
890 3588 1065 3642 Britanniam
1097 3588 1172 3656 vicit,
1204 3589 1309 3640 multos
1342 3587 1472 3656 captivos
1493 3590 1525 3641 ad

248 3671 344 3725 cilicia
363 3673 512 3726 theatralia
529 3672 655 3728 donavit.

358 3779 389 3849 ²⁸)
410 3778 470 3836 Cui.
488 3780 587 3848 Georg.
607 3781 638 3849 ll,
659 3778 815 3833 iri-rua:

466 3860 533 3927 »Qui
553 3878 628 3915 nunc
649 3860 784 3915 extremis
804 3859 889 3914 Asiae
909 3859 1049 3914 victorin
1069 3859 1125 3911 oris

462 3941 606 4001 imbellem
625 3941 729 3996 avertis
749 3940 887 3994 Romanis
907 3941 1019 3994 arcibus
1037 3939 1151 3992 lndnm‹

623 4027 651 4077 et
668 4022 739 4076 Aen.
760 4021 778 4078 l.
798 4021 862 4075 289:

466 4101 560 4155 »Hunc
579 4109 606 4155 tu
625 4103 693 4156 olim
713 4105 802 4171 caelo,
822 4103 921 4171 spoliis
943 4101 1068 4156 Orientis
1089 4107 1237 4155 onustum»

356 4208 389 4279 η)
409 4209 488 4262 Ribb.
510 4209 621 4276 Proleg.
642 4209 739 4263 critica
759 4227 821 4279 pag.
841 4211 886 4263 20.

353 4314 386 4385 30)
405 4317 482 4370 Haec
504 4321 624 4384 tropaea
644 4317 778 4371 historice
799 4334 856 4370 uon
878 4324 944 4373 suut
970 4318 1156 4387 explicanda;
1177 4322 1343 4386 nampoeta
1376 4333 1437 4374 non
1472 4335 1530 4374 rue-

248 4401 348 4466 morat‚
367 4413 438 4465 quae
458 4398 533 4451 lacta
552 4398 616 4468 sint,
636 4398 686 4451 sed
706 4415 778 4470 quae
797 4399 837 4452 ita
856 4401 916 4456 fore
935 4402 1095 4469 auguratur,
