3236 4850
698 311 909 372 ..19.-

158 522 227 588 Sed
252 521 306 585 dei
331 521 441 586 solent
464 522 613 587 homines
638 523 743 587 nimia
767 524 897 587 virtute
929 525 1081 604 insignes
1115 522 1330 602 praematura
1362 526 1445 585 mor·

159 635 197 696 te
222 631 368 711 eripere:

322 737 473 802 Mimium
498 739 593 803 robis
618 739 768 804 Romana
792 756 940 819 propago

323 844 408 909 Visa
433 847 561 928 potens,
586 846 715 928 Superi,
742 847 878 926 propria
901 846 985 910 haec
1009 845 1039 909 si
1063 842 1150 908 dona
1174 841 1330 907 luissent.

1169 947 1216 1035 (v.
1242 941 1445 1028 871-872.)

156 1062 284 1140 Itaque
308 1078 511 1140 magnopere
536 1065 588 1126 est
602 1061 802 1145 optandum,
829 1064 866 1125 ut
891 1058 1071 1152 Marcellus
1097 1055 1170 1123 iata
1193 1055 1387 1138 perrumpat
1412 1069 1430 1114 e

154 1171 294 1234 mortem
318 1171 564 1249 praematuram
588 1167 743 1250 effugiat.
768 1169 814 1234 At
837 1167 872 1232 id
897 1169 928 1232 ei
960 1155 1026 1231 non
1060 1166 1213 1247 contigit,
1247 1181 1323 1228 nam
1346 1171 1448 1228 mor-t

153 1280 235 1342 tuus
261 1279 327 1340 est:

320 1381 406 1463 Heu,
432 1382 621 1447 miserande
645 1401 737 1466 puer,
763 1386 792 1448 si
809 1401 873 1462 qua
897 1381 969 1447 sata
993 1397 1114 1459 aspera
1136 1379 1285 1459 rumpas!

321 1488 371 1552 Tu
398 1489 578 1555 Marcellus
604 1491 891 1555 eris—Manibus
917 1489 998 1553 data
1020 1487 1095 1552 lilia
1119 1486 1239 1569 plenia,

323 1596 513 1676 Purpureos
540 1615 696 1678 spargam
719 1597 816 1662 dores
841 1599 1049 1675 animamque
1073 1596 1205 1676 nepotis

322 1703 386 1767 His
406 1702 531 1770 ¹saltem
556 1705 759 1770 accumulem
783 1705 878 1770 donis
903 1708 937 1768 et
961 1702 1085 1784 iungar
1108 1703 1204 1766 inani

322 1809 471 1875 Munere.
1185 1805 1440 1894 (0.883-887.)

159 1917 351 1980 Gramatici
374 1921 517 1982 narrant
541 1919 593 1984 luis
618 1919 744 1984 ultimis
774 1920 980 2000 potissimum
1013 1917 1166 1981 versibus
1201 1914 1316 1980 allatis
1340 1914 1439 1979 vehe-

161 2026 294 2086 menter
318 2022 505 2104 Augustum
530 2045 603 2091 esse
628 2030 829 2092 commotum.

273 2129 433 2212 Septimo
457 2131 596 2196 Aeneis
619 2133 712 2199 libro
737 2135 906 2199 Maronem
930 2132 1057 2197 ultimis
1083 2148 1210 2210 quoque
1233 2129 1330 2193 annis
1347 2129 1439 2191 vitae

161 2255 244 2300 suae
270 2243 466 2319 occupatum
492 2239 595 2306 fuisse
631 2242 939 2308 demonstrantur.
965 2245 1150 2305 601-508.
1175 2239 1238 2302 His
1262 2239 1343 2301 item
1367 2254 1440 2300 ver-

159 2347 254 2411 sibus
279 2352 380 2428 poeta
404 2349 580 2415 blanditur
607 2350 798 2431 Augustum
823 2354 857 2415 et
881 2348 980 2414 essert
1009 2349 1080 2412 eius
1105 2347 1246 2426 gloriam
1270 2344 1437 2409 bellicam:

321 2457 393 2521 Mos
419 2461 492 2522 erat
516 2458 680 2539 Hesperio
705 2461 740 2523 in
765 2460 875 2541 Latio,
902 2476 998 2538 quem
1022 2457 1176 2537 protinus
1200 2456 1298 2519 urbes

323 2562 479 2628 Albanae
504 2566 634 2630 coluere
659 2584 797 2650 sacrum,
823 2584 912 2631 nunc
936 2575 1089 2629 maxuma
1112 2581 1221 2627 rerum

324 2671 430 2734 Roma
454 2672 542 2754 colit,
570 2691 641 2737 oum
665 2675 772 2753 prima
795 2676 928 2738 movent
951 2674 987 2736 111
1012 2671 1141 2752 proelia
1165 2670 1316 2751 Martem,

323 2778 405 2843 Sive
431 2778 527 2844 Getis
552 2779 678 2845 inferre
702 2800 801 2846 manu
825 2781 1033 2846 lacrimabile
1057 2779 1190 2861 bellum,

324 2886 534 2965 Hyrcanisve
558 2887 725 2953 Arabisve
749 2891 880 2970 parant,
912 2907 970 2952 seu
995 2887 1134 2952 tendere
1160 2886 1202 2951 ad
1226 2884 1326 2950 Indos

324 2991 554 3074 Auroramque
579 2997 674 3074 sequi
698 2995 905 3074 Parthosque
930 3013 1102 3076 reposcere
1127 2996 1286 3076 signa...

1146 3103 1213 3189 ,(ν.
1240 3098 1440 3185 eor-coe.)

161 3206 268 3272 Getas
293 3209 407 3287 posuit
443 3213 541 3288 poeta
575 3212 705 3274 omnino
740 3231 797 3290 pro
831 3214 984 3278 barbaris
1020 3211 1213 3278 Occidentis
1247 3209 1440 3274 nationibus

158 3317 201 3379 ab
227 3314 383 3396 Augusto
349 3314 561 3382 tdevictis
602 3316 683 3381 Cum
707 3318 809 3383 Dacis
835 3323 894 3384 aut
897 3340 955 3402 ern,
982 3321 1101 3400 quibus
1137 3319 1245 3384 Getae
1269 3319 1367 3381 erant
1390 3317 1439 3380 vi-

160 3424 239 3504 cini,
266 3423 391 3487 bellum
425 3424 590 3502 gessitlll
594 3423 777 3490 ACuassus
813 3428 1060 3493 0270011
1096 3447 1128 3492 n.
1166 3427 1258 3509 Quae
1293 3427 1360 3490 iam
1385 3444 1436 3490 vr.

160 3533 349 3594 294-296.
375 3530 396 3594 l.
423 3531 449 3595 1.
476 3533 642 3610 expressit
666 3535 792 3598 noster:

328 3636 555 3714 „blandontur
578 3638 666 3702 Belli
691 3643 821 3721 portae3
847 3642 955 3706 Furor
978 3644 1098 3722 impius
1122 3645 1215 3707 intus

325 3743 435 3808 Saeva
460 3743 579 3809 sedens
605 3764 704 3825 super
729 3764 821 3812 arma
846 3752 879 3812 et
904 3753 1035 3813 centum
1060 3752 1194 3815 vinctus
1220 3751 1314 3813 aenis

323 3851 403 3916 Post
427 3855 559 3932 tergum
584 3852 680 3918 nodis
706 3853 824 3919 fremet
848 3856 1001 3922 horridus
1026 3877 1081 3922 ore
1107 3857 1311 3923 cruentet...

157 3963 285 4041 repetit
310 3979 439 4040 ‹puoque
465 3960 543 4024 etl.
570 3961 646 4026 Vll.
672 3981 703 4026 v.
731 3968 836 4026 607-
842 3969 917 4030 608.
942 3969 1033 4029 men
1034 3985 1143 4030 ionem
1168 3965 1208 4029 de
1233 3965 1346 4030 clauso
1362 3963 1440 4027 lam

157 4068 604 4147 10010100.290.011.11
630 4067 787 4153 (111051,
819 4069 897 4156 2),
933 4073 1030 4151 quasi
1056 4074 1091 4136 in
1123 4073 1184 4137 hoc
1217 4071 1339 4150 templo
1363 4070 1439 4134 Bel-

157 4174 226 4238 lum
252 4177 286 4238 et
310 4175 400 4238 Mars
425 4175 533 4239 vincti
557 4178 726 4240 tenerent
715 4195 763 4240 rr
767 4177 809 4262 37)

266 4368 529 4437 17)111111).Ρ10100.
560 4375 619 4424 crrt.
652 4388 715 4440 pag.
747 4371 789 4424 61.
819 4373 889 4425 Nam
918 4374 1024 4442 primus
1052 4374 1187 4426 Aeneidis
1216 4373 1288 4425 liber
1316 4371 1439 4426 maxime

160 4451 328 4515 merebatur,
348 4455 377 4502 ut
397 4449 555 4504 Octaviano
575 4452 743 4508 recitaretur
771 4459 886 4529 propter
917 4455 1015 4513 laudes
1035 4455 1114 4528 regni
1147 4455 1273 4517 abluto
1294 4470 1384 4528 usquo
1404 4455 1440 4511 ad

160 4529 313 4588 Caesarem
334 4530 522 4590 Octavianum
542 4531 665 4594 deducti.
