3236 4850
55 1076 924 1458 lcclrplli3nuu
679 1077 988 1348 [111qu
996 1141 1173 1286 tran
1182 1077 1332 1291 nolu

58 1442 62 1529 p
707 1433 861 1517 scripsit

504 1592 716 1681 ladislaus
747 1593 1042 1681 llrecztowsld.

676 1808 887 1822 MWWNJVVW

249 1933 436 2012 Scriptores
461 1934 604 2016 antiqui,
631 1935 688 2011 qui
712 1935 748 1998 P.
774 1933 921 2013 Vergilii
953 1935 1102 1999 Maronis
1138 1937 1337 2000 mentionem
1370 1935 1419 2001 fa·

140 2043 246 2124 ciunt,
274 2059 340 2104 non
363 2041 469 2104 multa
494 2041 588 2104 nobis
622 2041 846 2122 tradiderunt,
873 2059 959 2120 quae
994 2040 1037 2105 ad
1074 2041 1319 2123 depingendum
1343 2043 1420 2110 illu·

139 2147 381 2225 strandumque
403 2149 474 2212 eins
496 2150 532 2212 in
550 2147 725 2214 Caesarem
743 2149 965 2214 Octavianum
980 2148 1171 2229 Augustum
1188 2151 1333 2214 animum
1348 2169 1421 2230 per·

139 2257 303 2320 timerent.
329 2255 444 2332 Neque
469 2253 650 2333 quidquam
675 2256 817 2335 amplius
843 2257 920 2320 aeni
944 2257 1142 2321 recentioris
1172 2258 1238 2322 viri
1274 2256 1363 2322 docti
1387 2261 1422 2322 et

140 2364 332 2444 scriptores,
359 2362 476 2440 quiin
502 2361 648 2442 Vergilii
673 2364 747 2428 vita
770 2364 992 2442 operibusque
1017 2365 1088 2428 circs
1114 2363 1328 2429 illustrandis
1345 2383 1420 2444 ope-

66 2504 70 2543 2
138 2489 211 2535 ram
236 2469 495 2551 collocaverunt,
522 2467 647 2534 dehac
672 2472 868 2548 quaestione
893 2475 1147 2549 composuerunt
1160 2470 1333 2550 fusiusque
1355 2471 1421 2538 dis-

67 2558 70 2597 ⁵
139 2579 359 2657 putaverunt.
385 2575 590 2658 Quicumque
606 2579 718 2641 tamen
736 2578 884 2642 Maronis
908 2596 1010 2658 opera
1033 2577 1226 2660 perlegerit,
1251 2597 1317 2642 non
1332 2583 1422 2658 pote·

68 2712 71 2735 ι
141 2686 191 2748 rit
215 2702 282 2748 non
308 2683 519 2762 comprobare
536 2686 667 2762 poetam
687 2684 808 2748 inillis
826 2685 1128 2763 praestantissimis
1146 2685 1301 2765 operibus
1318 2685 1423 2750 multa

68 2770 71 2781 ⁵
141 2793 196 2856 sui
220 2792 257 2854 in
282 2789 473 2869 Augustum
498 2791 602 2854 animi
636 2792 834 2871 ingeniique
859 2792 1021 2871 pressisse
1044 2793 1202 2874 vestigia,
1237 2793 1423 2871 exquibus

142 2899 289 2976 apparet
312 2900 443 2976 poetam
467 2915 600 2977 operam
624 2916 778 2980 navasse,
796 2901 916 2962 utnon
941 2899 1045 2962 solum
1067 2900 1257 2979 compositio
1274 2899 1424 2982 grandis,

141 3003 201 3068 sed
226 3005 329 3067 etiam
353 3003 516 3086 Augusto,
553 3006 658 3084 primo
692 3005 913 3069 Romanorum
949 3007 1158 3090 imperatore,
1196 3005 1300 3088 digna
1325 3011 1423 3075 esset.
1493 3091 1495 3095 Α

141 3109 190 3174 At
214 3109 390 3190 Vergilius
414 3113 466 3175 est
488 3112 518 3176 is
548 3111 769 3176 Romanorum
807 3114 959 3194 scriptor,
993 3114 1051 3191 qui
1089 3130 1287 3192 quamquam
1320 3114 1424 3193 pluri-

71 3294 74 3303 ,
141 3236 268 3282 morum
293 3219 448 3296 omnique
481 3218 581 3283 laude
616 3218 804 3284 florentium
841 3221 987 3285 virorum
1022 3219 1136 3286 studia
1171 3224 1222 3285 est
1257 3226 1424 3304 expertus

142 3329 258 3390 tamen
282 3328 413 3389 tantam
437 3326 600 3404 praebeat
626 3327 728 3390 etiam
753 3325 861 3390 adhuc
886 3326 929 3390 ad
953 3326 1180 3392 meditandum
1205 3332 1426 3394 commentan-

144 3431 288 3511 dumque
309 3433 493 3515 materiam,
521 3435 558 3497 ut
582 3433 730 3498 homines
756 3438 790 3498 et
824 3435 962 3516 ingenio
986 3438 1021 3499 et
1045 3434 1197 3500 doctrina
1220 3435 1367 3516 praediti
1392 3440 1426 3502 et

144 3537 368 3622 abundantes,
395 3540 424 3603 si
447 3542 552 3604 totam
577 3544 722 3605 aetatem
750 3543 785 3604 in
810 3561 875 3606 uno
913 3542 974 3606 hoc
1014 3544 1176 3622 scriptore
1210 3542 1425 3626 emendando,

144 3644 354 3730 explicando,
379 3646 581 3712 illustrando
607 3650 839 3731 contriverint,
865 3667 933 3713 rem
952 3651 1011 3714 vix
1034 3651 1164 3730 possint
1187 3649 1352 3716 adducere
1378 3669 1425 3734 eo,

145 3771 209 3831 quo
235 3755 385 3833 cupiant.

252 3860 320 3925 Nos
345 3864 456 3926 autem
488 3865 681 3928 conabimur
717 3882 819 3944 supra
855 3863 978 3930 dictam
1016 3866 1242 3942 quaestionem
1278 3867 1427 3930 tractare

145 3971 248 4046 atque
272 3970 501 4034 necessarium
524 3970 673 4036 ducimus
698 3973 735 4036 in
759 3972 818 4036 hos
849 3990 960 4037 omnes
994 3971 1139 4053 Vergilii
1174 3977 1358 4052 poematum
1382 3973 1428 4037 lo-

145 4093 207 4158 cos,
225 4076 284 4154 qui
300 4074 343 4140 ad
358 4076 581 4142 Octavianum
597 4078 789 4159 Augustum
806 4083 971 4162 spectant,
987 4081 1159 4162 inquirere
1177 4098 1297 4162 eosque
1312 4082 1348 4144 in
1365 4080 1428 4145 hac

145 4181 442 4262 disputatiuncula
482 4182 616 4251 afferre.
643 4185 803 4265 Optinum
827 4187 929 4250 etiam
953 4186 1089 4252 videtur
1112 4188 1207 4253 nobis
1245 4189 1429 4268 perspicui-

146 4290 227 4354 tatis
259 4305 362 4354 causa
390 4290 502 4355 eodem
541 4291 667 4375 ordine,
702 4311 765 4371 quo
788 4311 878 4359 nunc
917 4293 1081 4374 disposita
1119 4313 1221 4376 opera
1258 4295 1428 4378 habemus

148 4396 416 4477 chronologicum
440 4417 534 4477 quem
568 4400 695 4484 dicunt,
725 4402 932 4481 perlustrare
957 4421 997 4468 ac
1021 4403 1152 4485 deinde,
1180 4402 1260 4483 quid
1296 4422 1337 4469 ox
1362 4406 1428 4469 sin·

151 4503 238 4583 gulis
264 4505 347 4570 locis
375 4511 545 4592 sequatur,
571 4510 758 4574 summatim
781 4509 907 4576 referre
931 4515 965 4576 et
988 4514 1152 4592 repetere.

1307 4635 1324 4693 1
