3236 4850
826 285 843 344 3
894 317 932 326 .-

295 497 492 562 Narrotioni
517 495 557 560 de
582 495 717 580 culice4)
742 497 937 574 praeposuit
954 493 1127 576 Vergilius
1152 491 1406 573 dedicationem,
1425 492 1462 555 in

188 625 254 685 qua
280 605 431 686 Octavio,
459 605 515 681 qui
540 622 644 682 usque
669 605 711 669 ad
737 623 766 669 a.
793 608 836 668 44
862 623 891 668 1.
918 604 975 668 Ch.
1001 622 1033 667 n.
1068 602 1129 666 hoc
1154 585 1285 665 nomine
1311 602 1384 664 erat
1409 618 1466 679 ap-

190 714 344 794 pellatus
371 729 504 775 carmen
529 729 623 775 suum
657 710 798 796 111115)
824 711 925 775 Cuius
964 710 1121 775 carminis
1161 707 1340 788 exordium,
1382 705 1467 785 quod

191 826 230 885 41
258 819 410 884 versibus
436 820 637 902 continetur,
674 818 823 883 ostendit
856 822 974 898 poetae
1011 820 1143 898 gratam
1168 820 1202 881 et
1226 833 1337 880 caram
1361 813 1467 878 fuisse

189 928 454 992 familiaritatem
479 926 637 1010 Augusti,
665 929 758 992 errius
783 926 873 990 haud
897 927 1064 989 immemor
1096 925 1157 990 lroc
1190 922 1283 987 modo
1318 941 1391 986 eum
1416 921 1464 985 11-

77 1023 81 1032 ’
187 1036 351 1114 loquitur:

349 1141 514 1222 Lusimus,
542 1141 672 1223 Octavi,
698 1141 821 1222 gracili
845 1141 1036 1206 modulante
1061 1139 1184 1204 Thalia

350 1245 475 1329 Atque,
500 1250 537 1312 ut
561 1249 721 1330 araneoli,
747 1251 880 1312 tenuem
904 1246 1116 1312 formavimus
1141 1264 1259 1310 orsum.

1279 1350 1326 1437 (v.
1354 1349 1466 1434 i-a.)

188 1460 253 1526 Sed
278 1463 384 1526 variis
410 1463 555 1542 negotiis
580 1463 717 1527 rusticis
743 1463 918 1527 districtus
942 1481 1008 1526 non
1033 1464 1143 1541 potest
1162 1461 1255 1524 111111
1271 1463 1374 1524 totam
1392 1477 1466 1538 ope-

188 1586 258 1631 ram
285 1569 390 1632 1111111
416 1587 557 1645 navare,
592 1570 770 1648 pollicetur
806 1571 913 1652 igitur
946 1589 981 1634 se
1016 1573 1147 1649 postero
1179 1570 1326 1647 tempore
1359 1567 1465 1631 maius

183 1695 265 1755 opus
292 1695 365 1740 esse
391 1679 607 1756 scripturum:

346 1803 518 1867 Posterius
542 1805 698 1883 graviore
723 1821 801 1867 sono
825 1805 889 1867 tibi
915 1805 1012 1868 Musa
1035 1803 1190 1880 loquetur

345 1910 477 1992 Nostra,
504 1909 632 1974 dabunt
656 1928 728 1975 curn
752 1914 898 1976 maturos
922 1911 1004 1975 milri
1027 1913 1176 1988 tempora
1200 1906 1339 1986 fructus,

349 2017 395 2081 Ut
418 2019 484 2082 tibi
509 2018 614 2099 digna
638 2022 696 2083 tuo
720 2021 892 2099 poliantur
917 2019 1066 2084 carmina
1090 2034 1198 2081 sensu.

1258 2117 1466 2206 (1.8-111.)

188 2231 273 2296 Orat
298 2231 417 2296 deinde
454 2236 553 2312 poeta
590 2233 789 2315 Apollinem,
816 2234 853 2297 ut
887 2233 924 2295 111
960 2229 1181 2310 componendo
1218 2230 1279 2292 hoc
1319 2228 1465 2292 carmine

185 2337 367 2404 adiuvetur
392 2343 493 2418 atque
518 2343 694 2420 praeterea
719 2339 855 2404 adtatur
880 2339 1069 2404 Octavium:

348 2447 394 2511 Et
418 2451 464 2528 tu,
492 2449 547 2512 cui
571 2449 700 2511 meritis
726 2449 834 2511 oritur
857 2446 982 2510 fiducia
1005 2447 1122 2528 tantis,

349 2554 471 2619 Octavi
495 2554 696 2637 venerande,
723 2555 803 2618 meis
829 2554 978 2618 allabere
1003 2555 1138 2634 coeptis,

346 2661 469 2726 Sancte
495 2680 589 2742 puer,
615 2662 908 2740 utinamque...

1235 2765 1281 2852 (v.
1308 2765 1465 2850 111-11.)

182 2933 243 2969 war
263 2917 313 2968 auf
330 2917 380 2969 ihn
399 2918 520 2986 gelenkt.
540 2919 600 2973 Wie
621 2935 651 2973 es
671 2920 700 2972 in
720 2920 839 2973 solchen
864 2919 962 2972 Fallen
983 2936 1016 2971 zu
1041 2919 1132 2987 gehon
1156 2919 1252 2986 pflegt,
1271 2920 1384 2986 begann
1399 2935 1466 2971 man

183 2996 245 3050 sich
266 3013 324 3049 nun
344 2999 417 3050 auch
437 3015 484 3052 um
504 2999 556 3052 das
573 3017 607 3052 zu
626 3001 784 3068 kiimmern,
805 3016 865 3053 was
886 3016 936 3053 aus
970 3000 1019 3053 der
1038 3000 1098 3053 Zeit
1116 3014 1168 3052 vor
1186 2998 1242 3052 den
1260 3000 1384 3067 Eclogen
1401 3000 1465 3052 her-

181 3077 297 3132 rilhrte‘i
319 3078 440 3133 -Sunt
459 3085 554 3134 tamen
574 3081 626 3134 viri
646 3081 730 3150 docti,
751 3081 797 3148 qui
830 3085 929 3148 putent
956 3081 1084 3136 Maronis
1117 3080 1241 3134 Culicem
1273 3079 1416 3136 interiisse
1438 3085 1466 3134 et

182 3159 268 3212 nobis
289 3159 585 3214 solamimitationem
605 3165 714 3215 tantum
735 3178 799 3215 1111
827 3167 978 3216 servatam.
1000 3162 1078 3229 Quae
1109 3178 1154 3215 res
1173 3162 1257 3216 nobis
1291 3161 1383 3215 minus
1401 3178 1465 3230 pro·

182 3239 286 3292 babilis
307 3239 425 3297 videtur.
444 3241 539 3295 Potuit
559 3243 635 3295 enirn
655 3247 750 3310 poeta,
779 3259 841 3296 curn
874 3244 954 3296 sein
988 3259 1085 3311 agrum
1117 3243 1259 3296 Andinum
1292 3243 1465 3306 contulisset,

183 3319 311 3374 Culicem
331 3320 480 3375 dedicasse
503 3321 631 3388 Octavio,
660 3323 737 3376 ouius
771 3322 878 3377 sodalis
907 3323 1093 3391 aequalisque
1126 3323 1235 3376 Romae
1257 3323 1315 3392 fuit,
1336 3353 1368 3362 -
1389 3323 1465 3391 quod

181 3404 263 3468 patet
282 3401 366 3454 etiam
388 3418 423 3454 ex
443 3401 544 3456 Donati
565 3403 624 3457 vita
643 3403 758 3472 Vergilii
778 3405 793 3471 ἓ
813 3402 926 3456 12-18.
950 3404 1117 3472 ignoramus
1142 3403 1256 3472 quidem
1279 3403 1465 3457 occasionem

183 3487 212 3535 11
233 3497 349 3535 causam
370 3480 474 3536 Culicis
494 3485 696 3552 componendi,
717 3483 768 3538 sed
788 3485 857 3538 nihil
878 3485 1026 3552 invenitur,
1047 3485 1123 3552 quod
1142 3488 1256 3538 nostrae
1276 3484 1405 3552 opinioni
1423 3501 1466 3538 re·
1566 3507 1570 3522 ·

182 3579 310 3630 pugnare
330 3563 431 3629 possit.
453 3563 596 3619 Lederero
616 3565 728 3618 videtur
748 3565 834 3619 Culex
854 3567 975 3634 primurn
996 3566 1116 3633 scriptus
1137 3582 1200 3618 osse
1220 3583 1244 3627 c,
1264 3582 1288 3622 s.
1309 3564 1466 3619 1111141

182 3660 209 3696 a.
229 3641 279 3696 Cir.
300 3661 326 3696 n.
346 3643 400 3697 Sed
422 3675 454 3684 -
474 3649 503 3698 11
518 3646 650 3714 opinatur
675 3645 835 3700 Ledererus
855 3676 888 3684 —
914 3650 957 3699 ost
980 3646 1074 3699 denuo
1095 3661 1112 3698 a
1136 3645 1259 3713 Vergilio
1275 3651 1419 3700 correctus
1439 3650 1467 3699 et

181 3724 211 3776 in
226 3724 282 3777 hac
315 3725 417 3791 forma,
437 3742 492 3793 qua
512 3742 586 3779 nunc
604 3727 753 3794 habemus,
774 3731 902 3780 servatus
923 3726 1017 3788 Culex,
1039 3727 1113 3796 (pag.
1133 3727 1167 3781 29
1187 3727 1249 3780 eius
1264 3726 1385 3796 dissert.)
1405 3726 1465 3781 Cui.

181 3805 265 3858 Mart.
284 3805 467 3858 Schantzium
486 3823 549 3874 pag.
569 3805 684 3862 49-51.
706 3807 818 3878 (Gesch.
839 3807 888 3860 der
907 3813 978 3860 1111.
998 3806 1072 3875 Litt.)

293 3929 313 3999 ⁴)
334 3929 437 3984 Culicis
456 3936 653 4000 argumentum
674 3933 926 3986 1111111ιΡ11111·
954 3933 1077 4002 quidam,
1106 3933 1153 4000 qui
1174 3949 1287 4002 gregem
1310 3932 1338 3985 in
1358 3948 1467 4000 pascua

179 4028 269 4064 mane
290 4012 392 4075 eduxit,
411 4012 542 4080 fatigatus
563 4018 642 4066 aestu
665 4013 844 4068 obdormivit.
874 4013 942 4066 Tum
963 4013 1088 4068 eximiae
1124 4012 1324 4082 magnitudinis
1345 4029 1464 4080 serpens

179 4093 218 4146 ad
241 4097 385 4160 pastorem
406 4095 579 4163 properavit.
598 4095 653 4148 Sed
682 4096 753 4148 sorte
774 4112 789 4148 1
809 4093 912 4163 palude
946 4097 1027 4149 culex
1047 4095 1209 4164 provolavit
1227 4099 1255 4148 11
1273 4093 1381 4162 pastori
1400 4111 1465 4148 acu·

179 4177 259 4230 lcum
281 4174 348 4229 lixit.
368 4175 592 4244 Expergefactus
612 4193 627 4228 1
649 4191 750 4229 somno
775 4180 873 4243 pastor
897 4193 983 4230 manu
1003 4177 1121 4230 culicem
1143 4174 1288 4228 interemit
1305 4178 1334 4228 et
1354 4179 1465 4242 arrepto

178 4261 281 4310 trunco
302 4261 464 4323 serpentem
485 4256 641 4310 trucidavit.
661 4255 731 4309 Curn
754 4262 890 4324 sequente
911 4263 995 4312 nocte
1015 4257 1112 4310 culicis
1133 4256 1232 4308 umbra
1256 4255 1363 4322 pastori
1383 4272 1413 4308 11
1435 4255 1465 4308 11

179 4353 287 4392 somno
308 4337 458 4391 obtulisset
477 4337 558 4405 eique
580 4353 689 4390 errores
710 4353 776 4390 suos
794 4354 844 4405 per
858 4338 923 4392 loca
942 4339 1031 4392 intera
1050 4337 1238 4406 exposuisset,
1254 4340 1352 4404 pastor
1370 4337 1464 4406 sepul·

180 4435 262 4474 crum
284 4435 349 4472 cum
375 4418 468 4487 elogio
488 4417 571 4472 culici
593 4418 696 4471 statuit.

292 4544 314 4618 ⁵)
333 4543 403 4598 Vide
424 4543 506 4600 Ribb.
527 4543 628 4600 Gesch.
650 4544 788 4600 1111111111.
808 4544 946 4614 Dichtung
966 4561 1027 4618 pag.
1047 4543 1108 4602 350.
