3236 4850
647 237 855 300 ...Ῑὸ-..-

105 455 217 519 taram
242 449 413 518 detrusae.
449 449 547 532 erod
581 454 714 533 signnm
749 451 929 532 symbolice
963 449 1063 514 debet
1096 449 1288 532 significare
1325 452 1390 515 iam

108 581 179 628 esse
204 562 355 626 coercita
379 560 469 624 bella
494 559 626 625 civilia:

271 668 419 732 Stabunt
443 670 478 731 et
503 667 598 731 Parii
622 665 763 747 lapides,
789 667 957 744 spirantia
982 667 1090 746 signa,

270 774 433 838 Assaraci
458 774 567 854 proles
593 773 822 850 demissaeque
847 773 888 836 ab
913 772 993 836 Iove
1018 775 1131 851 gentis

272 883 415 946 Nomina
439 882 587 960 Trosque
612 898 734 960 parens
760 883 794 942 et
818 880 938 943 Troiae
964 879 1129 959 Cynthius
1155 883 1279 944 auctor.

271 989 409 1053 Invidia
433 987 555 1052 infelix
580 987 702 1050 Furias
728 1005 921 1064 amnemque
946 1005 1097 1051 severum

273 1095 390 1174 Cocyti
415 1098 541 1158 metuet
565 1097 736 1171 tortosque
761 1093 888 1157 Ixionis
913 1096 1034 1174 anguis

275 1203 521 1280 Immanemque
545 1206 651 1267 rotam
677 1204 710 1265 et
735 1220 799 1265 non
825 1202 1058 1282 exsuperabIle
1083 1205 1208 1267 saxum.

1162 1307 1208 1392 (v.
1236 1310 1394 1390 34—39.)

102 1415 145 1480 In
170 1415 268 1480 libri
287 1415 346 1481 IV.
373 1415 472 1480 ex'ilu
505 1416 679 1481 blanditur
707 1420 806 1497 poeta
840 1416 1031 1496 Augustum
1066 1419 1100 1478 et
1135 1415 1283 1481 celebrat
1322 1419 1393 1482 eius

104 1524 252 1606 gloriam
277 1524 441 1587 bellicam:

273 1631 367 1720 Haec
392 1649 492 1710 super
516 1649 670 1696 arvorum
695 1632 787 1696 cultu
812 1649 1030 1710 pecorumque
1056 1633 1215 1696 canebam

275 1737 321 1801 lit
346 1756 445 1817 super
470 1738 655 1822 arboribus,
682 1739 807 1802 Caesar
831 1739 907 1803 dum
931 1756 1072 1817 magnus
1097 1737 1139 1802 ad
1164 1738 1268 1802 altum

274 1844 447 1909 Fulminat
471 1845 668 1925 Euphraten
693 1845 780 1909 bello
805 1848 979 1923 victorque
1006 1845 1149 1909 volentis

274 1952 342 2015 Per
366 1953 504 2032 populos
529 1952 588 2016 dat
612 1955 688 2017 iura
714 1955 867 2032 viamque
893 1952 1043 2017 adfectat
1068 1953 1217 2033 Olympo.

1118 2059 1166 2146 (v.
1192 2059 1394 2146 559-562.)

105 2167 155 2230 Η1
179 2166 282 2230 allati
306 2185 423 2231 versus
448 2169 650 2246 repetuntur
676 2185 695 2230 a
720 2171 833 2246 poeta:
860 2185 936 2231 nam
960 2169 1083 2247 optime
1108 2169 1304 2247 conspirant
1320 2186 1392 2232 cum

105 2293 164 2338 vv.
193 2279 382 2340 rao-173.
407 2274 429 2339 l.
455 2275 504 2338 H:

489 2385 523 2447 et
547 2386 590 2466 te,
616 2401 766 2447 maxume
792 2382 925 2466 Caesar,

274 2487 339 2570 Qui
363 2507 453 2554 nunc
477 2493 616 2554 extremi
641 2491 745 2556 Asiae
769 2493 835 2555 iam
860 2494 1026 2556 victorin
1052 2495 1118 2556 oris

273 2595 443 2661 Imbellem
468 2601 595 2662 avertis
619 2599 777 2663 Romanis
803 2600 935 2664 arcibus
961 2599 1090 2663 Indum.

107 2705 206 2786 Quae
232 2704 337 2768 verba
361 2705 593 2786 intellegenda
617 2709 696 2770 sunt
727 2706 767 2769 de
792 2725 821 2771 a.
849 2711 889 2770 30
914 2725 943 2772 a.
971 2706 1028 2772 Ch.
1054 2725 1097 2788 n,
1132 2724 1195 2785 quo
1220 2706 1395 2788 Augustus

107 2813 259 2877 victoria
282 2811 426 2876 Actiaca
451 2817 625 2893 reportata
648 2816 685 2878 in
722 2814 822 2894 Syria
856 2833 1068 2897 commorans,
1105 2833 1158 2879 res
1197 2814 1395 2878 Parthorum

108 2920 301 2986 constituit.
328 2919 436 3004 (Cass,
461 2920 525 2984 Dio
551 2926 603 3003 51,
632 2920 698 3006 18.)
723 2920 885 2986 Versibus
909 2925 1021 2986 autem
1045 2923 1201 2987 extremis
1225 2923 1247 2988 l.
1264 2921 1323 2988 IV.
1341 2922 1395 2986 de·

108 3030 229 3108 signat
255 3031 355 3107 poeta
379 3046 415 3092 se
438 3027 498 3092 illo
527 3032 673 3107 tempore
720 3047 783 3107 quo
815 3029 990 3109 Augustus
1024 3031 1166 3095 nominis
1202 3032 1254 3095 sui
1287 3030 1397 3110 gloria

108 3139 218 3200 totum
243 3136 354 3200 orbem
378 3139 544 3201 terrarum
565 3135 729 3219 impleret,
756 3155 911 3216 magnam
936 3143 970 3202 et
994 3139 1145 3203 ultimam
1171 3138 1303 3218 quidem
1320 3156 1394 3217 par·

108 3246 178 3306 tem
204 3243 443 3322 Georgicorum
468 3245 654 3323 scripsisse.
680 3243 822 3323 Neapoli
856 3248 927 3309 tum
960 3248 1108 3311 caruuina
1142 3245 1295 3327 1111111111,
1320 3263 1397 3309 uam

109 3353 183 3430 ipse
208 3350 399 3430 profitetur:

276 3458 339 3521 lllo
364 3457 553 3540 Vergilium
574 3477 625 3522 me
648 3462 795 3539 tempore
821 3459 928 3526 dulcis
954 3461 1068 3525 alebat

276 3566 489 3646 Parthenope
514 3565 636 3631 studiis
660 3566 832 3631 florentem
856 3568 1018 3648 ignobilis
1043 3569 1100 3650 oti,

276 3673 434 3737 Carmina
459 3675 516 3752 qui
541 3673 608 3738 lusi
633 3678 802 3754 pastorum
828 3675 1004 3753 audaxque
1029 3677 1180 3758 iuuenta,

275 3779 405 3864 Tityre,
430 3784 468 3846 tu
492 3783 631 3861 patulae
657 3783 764 3848 cecini
789 3783 850 3846 sub
874 3785 1022 3864 tegmine
1046 3781 1128 3862 fagi.

1120 3887 1167 3974 (1.
1193 3889 1395 3973 563-566.)

721 3997 780 4062 IV.
822 4045 825 4053 .

215 4193 415 4272 Priusquam
439 4192 612 4276 Vergilius
637 4190 804 4274 Georgica
841 4193 883 4258 ad
918 4193 1015 4258 finem
1049 4192 1217 4278 perduxit,
1255 4193 1322 4257 iam
1348 4211 1399 4257 co·

106 4303 238 4382 gitavit
262 4301 502 4367 describenda
525 4299 687 4366 Aeneide.
713 4301 877 4368 Versibus
903 4306 1034 4368 46-48
1071 4301 1092 4367 l.
1120 4301 1184 4369 iii:
1208 4300 1398 4382 Georgicon

108 4412 266 4494 promisit
288 4413 403 4491 poeta:
