3236 4850
758 192 966 259 ..13-

385 458 966 478 ..................
992 428 1094 475 aurea
1119 409 1239 475 condet

384 519 532 584 Saecular
550 519 607 596 qui
631 535 747 582 rursus
772 516 872 582 Latio
897 521 1042 598 regnata
1067 537 1126 599 per
1149 538 1233 584 arva

383 625 527 691 Saturno
552 625 725 706 quondam,
751 627 909 704 superet
934 624 1156 689 Garamantas
1180 628 1215 689 et
1238 625 1338 691 Indos

381 731 534 798 Proferet
558 733 743 812 imperium.

1177 819 1500 892 anamim

221 916 294 979 Non
319 913 423 978 solum
447 913 583 992 propter
607 929 721 991 pacem
744 895 903 975 Romanis
928 911 1121 973 institutam
1154 909 1314 976 laudatur
1338 912 1500 978 Octavia-

220 1040 282 1086 nus
308 1023 342 1084 et
366 1019 405 1083 ob
429 1018 511 1084 fines
537 1020 669 1099 imperii
698 1019 839 1082 Romani
878 1018 1030 1081 uictoriis
1067 1017 1222 1099 prolatos,
1249 1017 1307 1082 sed
1332 1021 1433 1083 etiam
1458 1021 1499 1084 ob

221 1128 451 1209 expeditiones
505 1127 742 1218 remotissimas
769 1127 802 1188 et
839 1126 965 1189 itinera
1018 1127 1173 1204 suscepta
1213 1124 1255 1189 ad
1293 1125 1499 1192 ordinandas

219 1236 426 1316 provincias:

593 1323 684 1386 iacet
710 1322 807 1386 extra
829 1319 943 1385 sidera
965 1320 1076 1404 tellus,

379 1431 489 1496 Extra
514 1431 595 1495 anni
623 1429 768 1507 solisque
793 1429 877 1510 vias,
904 1428 961 1492 ubi
986 1426 1125 1493 caelifer
1147 1428 1247 1494 Atlas
1333 1439 1336 1444 '

378 1538 484 1603 Axem
508 1537 642 1602 humero
667 1537 802 1614 torquet
825 1534 933 1599 stellis
959 1534 1155 1600 ardentibus
1181 1539 1303 1616 aptum.

1276 1641 1501 1713 mmm&

217 1741 349 1805 Futura
374 1735 556 1801 Octaviani
581 1731 777 1812 magnitudo
802 1733 939 1810 eiusque
964 1733 1122 1797 maiestas
1155 1735 1222 1797 iam
1247 1734 1361 1798 multis
1386 1736 1498 1813 signis

218 1864 257 1911 ao
282 1843 470 1926 praesagiis
495 1844 547 1906 est
586 1841 728 1921 ostenta,
765 1842 933 1917 tamquam
965 1840 1001 1903 iu
1037 1842 1265 1906 remotissimis
1300 1843 1496 1922 regionibus

217 1957 330 2018 terrac
355 1953 454 2031 signa
479 1951 551 2014 eius
577 1947 763 2028 splendoris
788 1951 822 2012 et
846 1949 1018 2028 potentiae
1043 1950 1279 2014 animadversa
1302 1954 1431 2015 essent:

377 2058 487 2122 Huius
511 2058 547 2120 in
572 2055 754 2120 adventum
777 2057 844 2119 iam
868 2074 956 2121 nuuc
982 2059 1015 2119 et
1040 2057 1163 2136 Caspia
1188 2076 1294 2138 regna

377 2165 558 2243 Responsis
582 2162 721 2227 horrent
745 2162 859 2227 divum
883 2166 917 2227 et
942 2164 1089 2228 Maeotia
1113 2164 1214 2228 tellus

376 2270 422 2335 Et
447 2271 698 2351 septemgemini
724 2271 865 2334 turbant
888 2270 1021 2351 trepida
1046 2272 1132 2336 ostia
1153 2273 1234 2340 Nili.

374 2378 444 2443 Nec
469 2396 546 2442 vero
570 2375 707 2442 Alcides
731 2380 862 2442 tantum
886 2378 1019 2443 telluris
1044 2379 1162 2462 obivit,

375 2484 508 2550 Fixerit
531 2484 720 2564 aeripedem
744 2503 878 2550 cervam
902 2486 984 2551 licet
1008 2489 1067 2550 aut
1090 2486 1294 2568 Erymanthi

373 2591 512 2658 Pacarii
535 2609 669 2656 nemora
693 2595 727 2655 et
750 2592 895 2658 Lernam
919 2591 1144 2659 tremefecerit
1168 2612 1262 2674 arcu;

373 2701 453 2782 Nec,
480 2701 535 2778 qui
561 2701 747 2779 pampineis
772 2702 880 2765 victor
903 2703 986 2782 iuga
1009 2700 1116 2766 flectit
1140 2701 1290 2784 habenis.

373 2807 486 2889 Liber,
513 2824 618 2888 agens
644 2808 731 2872 celso
755 2807 868 2888 Nysae
893 2807 934 2872 de
958 2809 1085 2873 vertice
1110 2809 1221 2888 tigris.

1270 2914 1308 2984 (v.
1328 2913 1495 2984 uae-806.)

213 3007 246 3071 hl
283 3005 487 3088 Marcellum,
514 3004 688 3088 Octaviae,
715 3008 836 3070 sororis
861 3005 1020 3088 Augusti,
1055 3004 1160 3069 tilium
1195 3008 1344 3085 ereptum
1377 3008 1495 3072 imma·

147 3125 148 3128 ’
211 3116 289 3177 tura
313 3116 416 3178 morte
440 3131 469 3178 a.
495 3117 536 3177 23
562 3130 591 3178 a.
618 3111 676 3178 Ch.
702 3132 734 3178 n.
761 3110 839 3197 (Dio
865 3118 916 3194 53,
954 3109 1031 3196 ab),
1068 3113 1161 3177 miris
1197 3111 1297 3177 effert
1332 3113 1493 3179 laudibus

138 3236 140 3240 ’
211 3223 246 3285 iu
273 3221 400 3286 caelum
424 3222 523 3300 poeta
558 3220 696 3298 eiusque
730 3222 865 3284 mortem
901 3221 1036 3284 ornavit
1067 3218 1299 3299 pulcherrimis
1335 3221 1494 3286 versibus

210 3330 372 3395 Aeneidis
396 3331 418 3395 l.
445 3330 502 3414 VI,
529 3334 715 3396 aot-887.
742 3327 869 3410 Quibus
892 3326 933 3391 de
958 3328 1110 3392 uersibus
1144 3328 1242 3392 lectis
1268 3331 1306 3392 et
1339 3346 1494 3394 remune-

210 3439 341 3502 ratione
365 3439 552 3503 honestatis
577 3440 625 3503 sic
650 3440 745 3502 notat
768 3436 920 3500 Donatus
946 3432 964 3520 ξ
987 3439 1043 3499 47;
1083 3433 1166 3513 „Sed
1199 3434 1288 3500 hunc
1311 3433 1348 3521 (i.
1375 3454 1402 3501 e.
1430 3437 1492 3502 VJ.

208 3546 350 3611 liberum
374 3547 534 3611 recitavit
573 3543 761 3630 Vergilius)
794 3544 834 3608 ob
857 3542 1047 3607 Octaviam:
1074 3560 1257 3622 quaecum
1290 3544 1493 3609 recitationi

208 3655 399 3736 interesset,
425 3652 467 3717 ad
493 3652 569 3718 illos
594 3651 635 3716 de
658 3651 727 3716 filio
751 3670 809 3717 suo
840 3668 982 3732 versus,
1006 3650 1056 3714 Tu
1081 3649 1261 3714 Marcellus
1296 3649 1372 3714 eris’
1398 3650 1492 3715 defe-

208 3760 294 3824 cisse
318 3757 426 3823 fertur
451 3760 552 3838 atque
589 3777 690 3841 aegre
723 3757 916 3824 refocillata
950 3757 1037 3823 dena
1071 3759 1230 3823 sestertia
1262 3777 1321 3838 pro
1353 3759 1494 3838 singulo

201 3877 308 3932 ‘versu
333 3866 484 3950 Vergilio
508 3867 582 3932 dari
617 3868 739 3932 iussit‘t
777 3867 940 3932 Summam
977 3868 1064 3932 euim
1102 3866 1222 3931 habuit
1257 3865 1397 3946 populus
1422 3867 1493 3932 llo-

208 3993 324 4039 manus
350 3977 633 4056 exspectationem
658 3977 699 4041 de
723 3976 768 4041 M.
798 3974 952 4040 Marcelli
977 3973 1176 4038 virtutibus:

370 4081 481 4164 ,Quis
507 4085 613 4166 pater,
638 4083 706 4165 ille,
732 4085 840 4147 virum
865 4083 922 4162 qui
947 4084 996 4150 sic
1020 4082 1197 4147 comitatur
1222 4083 1376 4148 euntem?

366 4188 477 4255 Filius
504 4208 589 4255 anne
615 4190 738 4268 aliquis
761 4208 884 4272 magua
909 4188 949 4253 de
974 4190 1080 4268 stirpe
1104 4190 1278 4268 nepotum?

365 4295 430 4378 Qut
455 4299 615 4377 strepitus
641 4298 730 4361 circa
754 4298 921 4362 comitum!
947 4299 1107 4376 quantum
1131 4298 1241 4361 instar
1263 4298 1299 4360 in
1323 4298 1408 4376 ipso:

365 4403 430 4472 Sed
454 4423 519 4470 nox
544 4408 620 4470 atra
642 4399 860 4484 caputtristi
885 4404 1103 4470 circumvolat
1126 4404 1268 4469 umbrat

1263 4511 1301 4582 (r.
1318 4509 1488 4588 864-867.)
