3236 4850
574 224 782 294 217..

166 441 322 510 Versibus
345 441 541 510 aru-256.
567 444 591 511 l.
617 444 643 510 I.
669 447 861 510 continetur
885 441 1006 510 nobilis
1032 439 1192 511 Aeneidis
1216 439 1318 528 locuS,

78 559 107 620 iu
126 575 175 634 quo
193 554 242 617 sub
267 553 381 632 specie
405 553 562 616 vaticinii
586 551 707 617 Romae
743 553 836 633 origo
860 551 1107 637 explicatumffl)
1131 555 1317 618 incremen-

81 667 138 727 tum
156 665 181 724 et
198 659 346 739 splendor
369 660 516 740 Augusti
541 658 728 744 impertiit)
753 660 857 724 Poeta
889 659 990 740 fingit
1028 659 1140 724 lovem
1173 657 1319 724 futuram

88 770 168 848 populi
197 768 335 831 Romani
372 765 639 846 magnitudinem
682 765 939 846 praedicentem.
979 765 1044 831 Hic
1083 768 1220 845 pararit
1257 768 1322 831 sibi

87 875 210 955 l'ergilius
233 876 443 938 occasionem
467 875 644 953 ingeniosa
669 876 802 938 ratione
827 872 989 938 adulandi
1004 873 1204 955 Augustum,
1221 892 1317 953 quem

80 983 173 1046 Julian
195 981 371 1046 Caesarem
395 983 493 1047 vocat
517 978 798 1066 (vv.286—288):

199 1126 365 1190 Nascetur
390 1125 529 1204 pulchra
554 1126 719 1190 Troianus
744 1127 876 1206 origine
902 1125 1036 1207 Caesar,

199 1232 380 1312 Imperium
406 1232 549 1314 Oceano,
574 1230 695 1298 famam
720 1235 777 1314 qui
801 1235 960 1298 terminet
980 1234 1092 1315 astris

198 1339 325 1420 Julius,
352 1356 372 1402 a
395 1357 515 1418 magno
540 1338 717 1405 demissum
740 1359 858 1404 nomen
882 1340 971 1405 Julo.

157 1481 280 1547 Cuma.
309 1486 353 1544 28
378 1499 407 1546 a.
434 1480 491 1546 Ch.
518 1502 548 1547 n.
576 1485 617 1547 ab
644 1484 830 1549 Octaviano
858 1483 930 1547 ludi
958 1483 1224 1562 quinquennales
1249 1503 1320 1564 pro-

81 1591 132 1666 pter
148 1591 312 1653 victoriam
338 1588 513 1654 Actiacam
538 1592 606 1655 acti
632 1595 744 1656 essent
768 1588 846 1676 (Dio
877 1595 928 1673 53,
956 1590 1011 1676 1.),
1038 1593 1237 1656 mentionem
1261 1591 1316 1655 ho·

80 1716 128 1761 run
146 1697 213 1762 lecit
236 1699 336 1763 Maro
360 1696 383 1763 l.
409 1696 469 1763 III.
496 1718 524 1763 u.
552 1699 644 1764 280:

198 1843 368 1922 Actiaque
392 1841 508 1908 lliacis
534 1844 739 1910 celebramus
761 1846 863 1910 litora
886 1845 985 1911 lodie.

81 1984 214 2064 Postquam
239 1987 378 2066 Sibylla
400 1986 482 2052 dirce
515 1985 633 2052 Aenea
657 1987 700 2052 ad
739 1987 864 2052 inferos
903 2005 938 2052 se
976 1989 1129 2070 contulit,
1155 1988 1236 2054 fecit
1274 1989 1323 2052 ibi

88 2091 203 2159 Anchises
225 2098 258 2161 ei
284 2112 461 2160 recensum
495 2096 700 2160 Albanorum
732 2095 1019 2176 Romanorumque
1053 2115 1167 2177 regum
1203 2097 1324 2161 nobili·

86 2215 167 2277 unque
186 2203 318 2282 aliquot
342 2202 563 2267 Romanorum
588 2205 722 2267 nomina
751 2221 960 2286 percurrens,
988 2203 1162 2269 descendit
1185 2203 1230 2268 ad
1253 2194 1327 2270 lau·

79 2302 119 2368 des
136 2307 206 2374 lolii
232 2311 392 2375 Caesaris
418 2314 451 2374 et
474 2307 623 2390 Augusti
647 2309 724 2391 (lib.
762 2309 807 2384 VI,
852 2310 1109 2396 756-859.)³⁶)
1142 2310 1325 2377 Admodum

78 2413 197 2489 prulenti
219 2417 350 2483 iudicio
375 2418 473 2496 poeta
497 2437 565 2482 rem
587 2419 638 2482 ita
662 2418 824 2500 instituit,
851 2419 889 2480 ut
913 2418 954 2481 ab
988 2420 1059 2498 ipso
1096 2421 1215 2499 otiu-pis
1253 2438 1326 2499 pro-

79 2525 194 2598 genitore
217 2528 252 2590 in
278 2526 356 2608 filii,
382 2525 530 2591 eiusdem
559 2528 675 2607 stirpis
712 2527 869 2608 arrctoriS,
906 2527 1052 2606 gratiam
1088 2545 1244 2592 recensus
1269 2527 1325 2592 hic

78 2629 266 2699 exhiberetur.
295 2633 343 2697 Et
366 2635 487 2698 iterum
511 2634 652 2715 legimus
688 2633 993 2714 splendidissimum
1018 2634 1124 2700 locum
1161 2633 1201 2697 de
1226 2633 1325 2699 Octa·

75 2737 142 2802 viani
162 2739 310 2823 Augusti
334 2740 506 2807 laudibus:

479 2955 489 2971 ,
522 2885 588 2949 Hic
613 2883 737 2950 Caesar
762 2889 797 2950 et
820 2887 924 2950 omnis
949 2885 1022 2949 Juli

200 2991 398 3074 Progenies
423 3010 579 3073 magnum
605 2992 690 3056 caeli
715 2995 861 3057 ventura
886 2993 947 3056 sub
973 2990 1126 3076 anemii)
1231 3079 1233 3083 v

76 3127 239 3210 „Augustus
267 3135 402 3218 Caesar,
436 3135 518 3199 nivi
555 3140 679 3215 genus“
718 3135 926 3200 Octavianus
964 3138 1112 3218 vocatur,
1152 3153 1227 3199 nam
1253 3138 1326 3199 erat

74 3233 251 3306 Octavianus
288 3241 377 3305 iilius
412 3241 590 3322 adoptivus
627 3242 792 3324 Caesarie,
826 3243 863 3306 in
898 3237 1031 3308 deorum
1064 3261 1242 3307 mumerum
1276 3261 1325 3306 re-

76 3347 148 3428 cepti,
171 3351 227 3427 qui

82 3518 256 3538 Ἀ

155 3596 185 3668 ³³)
203 3598 288 3655 Ribb.
308 3597 409 3653 Gesch.
429 3600 456 3654 d.
475 3605 546 3657 rom.
565 3600 655 3654 Dicht.
676 3616 741 3668 pag.
759 3597 802 3652 92.

156 3739 186 3810 34)
205 3743 354 3810 Augustus,
371 3743 414 3796 cui
435 3747 520 3811 poeta
539 3747 596 3796 tum
617 3759 699 3796 carus
728 3747 756 3796 et
787 3743 872 3811 largis
893 3743 977 3796 donis
1006 3747 1067 3796 erat
1087 3748 1212 3810 ornatus,
1231 3740 1328 3796 litteris

78 3828 102 3865 tx
115 3815 252 3876 Canmbria
269 3823 365 3876 missis
384 3840 410 3876 a.
428 3822 463 3875 25
484 3839 508 3882 a.
528 3821 578 3878 Ch.
606 3840 633 3875 n.
655 3823 799 3891 flagitasse
831 3823 985 3892 Vergilium
1019 3824 1126 3892 dicitur,
1146 3829 1176 3876 ut
1195 3823 1247 3876 sibi
1268 3839 1328 3876 car-

80 3907 125 3949 men
140 3918 216 3968 quam
235 3904 356 3972 primum
376 3906 505 3959 mitteret.
525 3903 595 3974 (Cui.
615 3904 715 3964 Donat.
736 3904 820 3974 gib.)
840 3904 946 3958 Postea
965 3910 1059 3960 autem
1081 3906 1170 3958 libros
1185 3905 1221 3974 11,
1236 3904 1278 3972 lv,
1291 3904 1326 3957 Vl

83 3971 200 4036 iussitsibi
217 3985 337 4038 recitari.
358 3983 418 4039 Cnf.
437 3984 537 4041 Donat.
558 3989 574 4054 ξ
594 3983 649 4054 47.)
679 4001 801 4052 quocum
835 3985 870 4039 de
902 3991 1001 4053 quarto
1034 3985 1177 4041 consentit
1194 3985 1272 4041 Serv.
1292 3984 1327 4038 ad

81 4053 132 4116 Aen.
146 4063 183 4132 Ill,
204 4065 265 4119 324.
284 4065 377 4136 (Ribb.
397 4066 498 4121 Gesch.
519 4066 543 4120 d.
562 4072 631 4120 rom.
651 4065 741 4120 Dicht.
759 4083 821 4134 pag.
843 4065 896 4136 56.)

160 4205 189 4277 ³⁵)
206 4209 286 4262 Ribb.
306 4209 407 4266 Gesch.
429 4210 454 4264 d.
473 4215 545 4264 rb'm.
565 4209 655 4264 Dicht.
675 4225 739 4278 pag.
755 4209 870 4264 sia-93.

113 4379 115 4383 s
162 4330 191 4402 ³⁶)
209 4333 242 4387 Hi
261 4351 360 4389 versus
380 4335 416 4388 ad
436 4333 567 4390 Caesaris
598 4335 849 4390 consecrationem
879 4339 1011 4404 spectare
1039 4334 1171 4389 videntur
1191 4335 1228 4404 (a.
1247 4333 1282 4386 42
1302 4350 1326 4391 a.

91 4395 272 4480 Ch·v¹1.).Simil.
294 4416 365 4469 Aen.
385 4421 406 4484 Ι,
426 4415 491 4472 286:
510 4415 650 4470 Nascetur
669 4415 789 4486 pulchra
808 4415 949 4469 Troianus
967 4415 1072 4483 origine
1093 4414 1205 4470 Caesar.

1219 4520 1236 4581 3
