3236 4850
641 214 849 273 -13..

269 425 398 489 Primus
423 441 485 505 ego
508 425 542 488 in
569 427 714 504 patriam
738 442 872 508 mecum,
898 421 990 488 modo
1015 423 1089 488 vita
1109 424 1267 506 supersit,

266 527 374 596 Aonio
397 529 531 596 rediens
556 531 717 598 deducam
741 533 869 597 vertice
893 532 1072 596 Musas...

1156 635 1203 723 (v.
1230 635 1387 722 10—11.)

28 797 34 824 s
130 750 200 814 Nam
219 749 340 827 primus
373 748 464 810 inter
497 746 701 813 Mantuanos
737 746 910 828 Vergilius
946 749 999 811 est
1036 749 1233 812 consecutus
1270 764 1388 810 nomen

27 899 33 934 ¹.
128 855 223 935 magni
246 856 279 918 et
302 855 377 918 veri
400 857 520 934 poetae
543 873 652 936 neque
677 856 778 919 etiam
812 855 902 918 ullus
939 854 1147 919 Mantuanus
1184 856 1284 934 poeta
1308 853 1388 917 ante

127 963 208 1026 illum
230 961 304 1026 fuit.
332 961 397 1044 Qui
423 965 534 1027 autern
558 963 683 1042 primus
707 963 798 1026 inter
822 962 967 1044 aliquem
997 961 1155 1042 populum
1171 963 1270 1041 poeta
1286 961 1389 1026 exsti-

27 1117 32 1148 ,„
125 1071 170 1152 tit,
192 1071 219 1134 is
241 1072 352 1150 potest
367 1071 587 1150 pronuntiare
605 1087 640 1134 se
656 1069 770 1134 Musas
787 1070 823 1134 in
840 1070 985 1151 patriam
1009 1085 1102 1134 suam
1119 1067 1254 1134 duxisse
1271 1065 1387 1153 (ν.12);

266 1213 398 1279 Primus
422 1213 601 1278 Idumaeas
625 1212 768 1278 referam
791 1214 866 1296 tibi,
895 1209 1048 1295 Mantua,
1074 1212 1282 1292 palmas...

122 1357 213 1420 Porro
238 1359 390 1438 sequitur
414 1356 651 1436 splendissime
675 1355 857 1437 descriptio
880 1357 1007 1438 templi,
1033 1354 1119 1437 quod
1137 1354 1275 1420 Caesari
1294 1356 1391 1435 poeta

122 1465 221 1528 vovet.
246 1461 291 1549 (v.
320 1462 478 1549 12—39.)
503 1464 569 1546 Qui
594 1465 766 1529 relaturus
790 1463 923 1529 laudem
958 1482 1052 1529 suam
1075 1464 1111 1528 iu
1136 1464 1281 1544 patriam
1307 1481 1391 1528 com·

122 1575 209 1649 parat
231 1572 319 1641 hanc
344 1589 418 1636 cunr
442 1572 596 1654 victoria,
632 1591 730 1654 quam
766 1571 889 1652 aliquis
926 1571 1128 1636 Graecorum
1163 1589 1204 1635 ex
1239 1571 1390 1636 sollemni

121 1680 291 1742 certamine
312 1680 420 1743 victor
444 1681 643 1759 reportavit.
670 1680 783 1744 Huius
812 1677 924 1742 laudis
950 1680 984 1742 et
1008 1679 1106 1760 quasi
1138 1679 1302 1743 victoriae
1326 1697 1391 1742 mo-

121 1788 304 1849 uumentum
329 1788 480 1850 exstruet
504 1786 602 1865 poeta
626 1786 796 1868 templum,
822 1786 858 1849 in
883 1804 946 1868 quo
975 1786 1124 1865 praemia
1148 1785 1312 1850 victoriae
1337 1785 1391 1850 de·

121 1896 220 1970 ponet.
246 1893 419 1974 Templum
442 1892 528 1956 illud
553 1912 573 1958 a
590 1912 625 1958 se
642 1896 849 1959 exstructum
866 1892 1042 1973 Vergilius
1059 1895 1161 1959 vovet
1175 1891 1388 1977 Augustae)
1489 1910 1491 1913 ·

269 2001 318 2065 Et
342 2001 445 2066 viridi
469 2003 505 2066 in
531 2020 642 2080 campo
668 2001 828 2081 templum
852 2001 893 2065 de
916 2018 1077 2065 marmore
1101 2018 1220 2080 ponam

272 2109 416 2188 Propter
440 2126 570 2191 aquam,
595 2107 702 2172 tardis
728 2109 848 2188 ingens
874 2107 932 2170 ubi
956 2106 1098 2172 flexibus
1121 2109 1212 2171 errat

272 2216 419 2280 Mincius
445 2218 479 2279 et
502 2218 621 2280 tenera
645 2215 815 2294 praetexit
838 2212 1027 2278 harundine
1051 2216 1153 2294 ripas.

271 2322 314 2386 In
338 2320 446 2386 medio
470 2322 552 2386 mihi
577 2321 702 2386 Caesar
727 2323 793 2385 erit
816 2320 1043 2403 templumque
1066 2323 1207 2386 tenebit.

1161 2426 1207 2514 (v.
1235 2428 1391 2515 13-16.)

119 2551 155 2615 In
178 2553 360 2620 Octaviani
382 2556 538 2620 honorem
567 2555 712 2634 „victor“
740 2557 848 2637 poeta,
868 2555 925 2636 qui
943 2555 1145 2620 carminibus
1162 2557 1233 2620 suis
1250 2556 1392 2638 gloriam
1461 2611 1463 2614 .

120 2677 154 2724 ac
175 2662 318 2740 palmam
342 2666 394 2728 est
417 2665 603 2745 assecutus,
630 2661 782 2728 editurus
808 2665 859 2727 est
883 2661 988 2743 ludos,
1006 2663 1042 2726 in
1067 2663 1190 2745 quibus
1205 2663 1392 2746 quadrigae

119 2769 346 2848 agitabuntur.
373 2771 499 2835 Tantos
525 2774 713 2837 astantem
738 2770 892 2836 editurus
916 2769 1023 2853 ludos
1050 2773 1108 2853 qui
1132 2772 1269 2851 propter
1292 2774 1392 2836 maie·

119 2879 232 2942 statem
256 2881 404 2944 numinis
430 2879 627 2960 Olympiaca
651 2878 686 2942 et
709 2879 856 2942 Nemaea
881 2879 1066 2944 certamina
1091 2880 1264 2960 superent:

272 2987 331 3051 Illi
355 2989 465 3052 victor
489 3005 550 3068 ego
576 2989 610 3050 et
635 2986 738 3066 Tyrio
763 2989 959 3066 conspectus
984 2989 1020 3050 in
1045 2988 1135 3052 astro

278 3095 421 3159 Centum
445 3093 665 3177 quadriiugos
692 3094 829 3174 agitabo
855 3092 897 3156 ad
920 3092 1058 3159 flumina
1082 3113 1210 3162 currus

272 3201 403 3266 Cuncta
426 3202 508 3265 mihi
531 3201 699 3280 Alpheum
723 3199 880 3281 linquens
905 3201 1064 3283 lucosque
1088 3200 1249 3266 Molorchi

274 3307 437 3374 Cursibus
463 3312 496 3372 et
521 3308 624 3374 erudo
650 3306 784 3372 deceret
811 3307 955 3373 Graecia
981 3312 1106 3374 caestus.

1162 3415 1208 3501 (v.
1237 3415 1393 3502 17-20)

118 3540 188 3620 lpse
214 3547 327 3608 autem
350 3544 450 3623 poeta
474 3543 550 3608 vult
578 3545 699 3622 „caput
722 3545 839 3608 tonsae
856 3541 945 3608 soliis
965 3544 1102 3606 ornatus
1120 3541 1249 3607 olivae“
1269 3540 1316 3626 (v.
1336 3539 1393 3626 21)

120 3646 199 3713 dona
222 3649 314 3714 ferre
338 3653 372 3714 et
396 3651 562 3716 sacrificia
586 3650 711 3714 facere:

490 3758 560 3821 Iam
585 3775 674 3822 nunc
699 3756 867 3821 sollemnis
889 3755 1011 3821 ducere
1036 3774 1168 3836 pompos

272 3862 327 3929 Ad
352 3865 492 3929 delubra
514 3866 612 3930 iuvat
637 3881 818 3946 caesosque
844 3864 953 3928 visere
977 3865 1201 3938 iuvencos...

1116 4003 1119 4010 '
1161 3987 1208 4075 (v.
1234 3985 1393 4072 22—23.)

123 4094 181 4160 Sed
204 4101 353 4164 scenicos
379 4118 510 4182 quoque
533 4098 629 4164 ludos
654 4101 706 4162 est
730 4096 883 4163 editurus
908 4101 1020 4178 poeta:

275 4207 338 4270 Vel
363 4225 485 4272 scaena
511 4211 547 4272 ut
573 4207 680 4272 versis
705 4202 858 4268 discedat
882 4203 1059 4288 frontibus
1085 4207 1190 4287 utque

125 4344 327 4359 5——

221 4399 254 4470 Ἡ5)
275 4400 356 4453 Ribb.
378 4399 479 4456 Gesch.
501 4400 526 4464 d,
545 4404 616 4454 rdur.
633 4399 720 4454 Dicht.
738 4416 802 4470 pag.
821 4397 864 4456 43.
