3236 4850
630 238 838 301 ..11-

15 507 18 520 .
116 456 145 521 di
166 453 295 520 adnotat
319 453 402 518 haec
425 453 633 518 Ribbeckius
657 449 816 536 (propriis
841 453 913 516 eins
931 450 1042 514 verbis
1060 447 1209 534 utimur):
1230 448 1373 526 „Diesen

15 640 17 648 y
115 560 341 640 Huldigungen
365 561 441 640 gibt
465 559 524 624 der
548 559 689 624 Dichter
713 560 945 638 begeisterten
969 555 1160 638 Ausdruck,
1187 555 1374 635 allerdings

116 672 154 732 im
169 667 260 748 jenen
285 665 531 746 vegdtternden
557 667 631 748 Stil,
665 668 728 730 wie
761 666 821 730 ihu
853 665 907 731 die
941 663 1259 730 alexandrinischen
1294 663 1374 727 Hol-

118 779 217 856 poeten
240 772 463 858 anigebraclrt
487 773 665 857 haben‘t22)
690 773 820 854 Quibus
845 775 881 836 in
906 773 1004 838 rebus
1031 771 1236 854 exponendis
1254 790 1375 835 ornan-

14 927 15 930 =
118 883 216 968 disque
239 882 390 960 copiosus
415 884 467 945 est
490 885 599 964 poeta,
625 881 684 945 sed
708 881 815 946 nrulto
840 882 992 946 ornatius
1029 883 1080 945 est
1117 879 1312 960 episodium
1337 880 1373 944 in

14 1051 15 1054 ,
114 1009 169 1074 quo
191 986 321 1052 dicendi
346 989 483 1052 ubertas
522 992 556 1053 et
591 990 781 1054 sirblimitas
819 991 1034 1069 perspicitur.
1071 986 1241 1070 Prodigiis
1277 988 1374 1068 enim,

112 1115 188 1181 quae
211 1095 243 1160 0.
267 1094 356 1160 Julii
381 1095 536 1160 Caesaris
561 1115 675 1162 necem
699 1095 952 1178 portenderunt,
979 1095 1137 1160 adiunxit
1170 1097 1270 1174 poeta
1293 1097 1374 1158 vota

110 1223 161 1284 pro
182 1203 334 1284 Augusto
358 1203 428 1287 (vv.
454 1207 642 1270 lea-504.
668 1204 748 1268 libri
772 1205 815 1289 Ι.)
841 1205 904 1286 Ea,
939 1221 1025 1282 quae
1059 1202 1112 1267 his
1142 1203 1296 1266 versibus
1329 1202 1375 1264 le-

109 1314 232 1392 guntur,
258 1312 386 1390 scripta
411 1329 483 1375 esse
509 1311 668 1377 videntur
692 1315 765 1392 post
790 1331 818 1377 a.
846 1317 886 1375 36
912 1330 941 1376 a.
968 1310 1026 1375 Clu.
1046 1329 1090 1392 m,
1117 1327 1189 1375 cum
1213 1309 1375 1376 Romano·

111 1437 172 1481 rum
197 1419 298 1481 animi
333 1418 446 1482 multis
480 1418 643 1500 prodigiis
686 1420 918 1499 turbarentur3
945 1437 1022 1483 nam
1057 1419 1149 1482 inter
1183 1418 1377 1484 triumviros

107 1543 212 1604 parum
235 1524 331 1589 firma
356 1526 429 1588 erat
452 1523 534 1590 fides
560 1529 594 1589 et
618 1526 718 1604 paulo
742 1528 817 1605 post
841 1543 963 1608 graves
987 1526 1190 1609 inimicitiae
1214 1527 1305 1590 inter
1330 1525 1374 1588 M.

106 1631 277 1696 Antonium
303 1633 337 1694 et
361 1631 584 1696 Octavianum
619 1631 662 1696 ad
697 1632 821 1696 bellum
855 1635 1008 1711 spectare
1035 1631 1272 1715 cooperante)
1297 1631 1375 1714 (Dio

105 1744 151 1802 48.
176 1738 274 1824 extr.)

105 1844 191 1925 Quae
215 1848 326 1913 omnia
350 1849 386 1911 in
416 1866 517 1911 unum
553 1847 682 1914 confert
718 1850 826 1930 poeta,
863 1851 901 1936 ut
925 1848 1064 1929 gravior
1099 1850 1133 1911 et
1156 1847 1306 1910 severior
1329 1847 1375 1912 sit

105 1955 169 2018 eius
194 1957 375 2020 sententia.
400 1955 474 2020 Hac
500 1954 539 2018 tle
562 1972 664 2020 cansa
688 1957 762 2018 orat
787 1957 887 2034 poeta
916 1955 1066 2020 omnibus
1103 1953 1258 2034 precibus
1297 1951 1374 2016 deos

104 2061 308 2144 immortales
335 2065 372 2126 ut
397 2061 607 2127 Octavianus
647 2062 754 2140 possit
789 2079 902 2125 eorum
938 2061 1066 2126 anxilio
1102 2079 1170 2124 rem
1207 2058 1374 2138 publicam

103 2185 211 2248 regere
235 2172 270 2233 et
295 2168 377 2233 belli
401 2169 513 2234 civilis
538 2169 666 2233 scelera
689 2170 841 2248 expiare:

252 2295 314 2358 Dii
337 2295 452 2376 patrii,
478 2294 653 2374 Indigetes
678 2298 712 2358 et
737 2294 877 2359 Romule
902 2294 1073 2379 Vestaque
1097 2295 1213 2374 mater,

255 2401 351 2484 Quae
375 2401 519 2466 'luscum
544 2403 692 2467 Tiberim
717 2405 751 2466 et
774 2403 924 2466 Romana
948 2401 1084 2466 Palatia
1108 2419 1234 2485 servas,

254 2509 358 2575 Hunc
383 2509 502 2574 saltem
527 2528 642 2575 everso
666 2511 823 2574 iuvenem
847 2527 1043 2574 succurrere
1068 2508 1177 2574 saeclo

254 2617 307 2681 Ne
331 2616 514 2698 prohibite!

1020 2723 1056 2809 (v
1080 2728 1260 2790 498—5110
1285 2723 1307 2789 l.
1333 2721 1375 2808 Ι.)

199 2849 297 2916 Unus
334 2853 385 2915 est
421 2850 554 2931 Caesar,
595 2851 654 2934 qui
689 2851 795 2929 possit
831 2866 1025 2914 succurrere
1061 2849 1140 2914 lruic
1175 2848 1375 2913 infelicitati

99 2957 292 3034 temporum.
318 2957 384 3021 Hic
408 2960 520 3037 potest
556 2956 691 3022 deorum
723 2959 791 3022 iras
828 2958 973 3038 placare.
1010 2957 1057 3020 At
1093 2960 1145 3022 est
1179 2958 1372 3040 verendum,

98 3081 137 3125 ne
159 3065 233 3143 ipse
261 3063 328 3128 diis
353 3083 415 3144 par·
439 3067 474 3128 et
497 3083 570 3128 mox
594 3063 731 3129 tritorus
757 3065 840 3130 deus
864 3066 1023 3130 Romanis
1049 3067 1225 3145 eripiatur.

201 3171 417 3254 Quamquam¹
434 3170 581 3238 nondum
609 3171 879 3252 triumphaverat
908 3173 1127 3256 Octavianus,
1162 3174 1213 3236 cui
1249 3172 1377 3237 demum

100 3277 198 3343 Sexto
223 3281 384 3360 Pompeio
410 3280 543 3345 devicto
568 3298 597 3346 a.
625 3286 665 3344 36
692 3299 720 3345 a.
748 3280 806 3345 Ch.
832 3299 863 3344 n.
890 3282 942 3344 est
967 3280 1102 3344 decreta
1124 3283 1246 3362 ovatio,
1265 3284 1377 3344 tamen

96 3388 225 3464 oportet
250 3405 328 3451 enm
352 3388 468 3452 vivere
493 3391 528 3452 et
550 3390 587 3452 in
612 3389 771 3453 suavita
796 3387 980 3466 triumphos
1007 3405 1124 3467 agere:

199 3638 234 3708 22)
258 3637 363 3691 Gesch.
384 3637 433 3691 der
452 3643 513 3691 rom
543 3637 629 3691 Dicht.
651 3635 757 3707 (Ribb.)
777 3653 840 3704 pag.
859 3634 903 3692 41.
922 3634 1001 3689 Torn.
1020 3635 1053 3689 ll.

199 3780 234 3851 ²³)
257 3780 320 3835 cnr.
341 3781 435 3848 Borgii
455 3781 564 3835 dissert.
584 3781 621 3832 lle
642 3779 888 3847 temporibuu‚,‚,
923 3794 987 3846 pag.
1018 3776 1059 3830 17.
1081 3777 1213 3830 Alienum
1234 3794 1290 3830 non
1313 3795 1376 3832 osso

97 3861 234 3916 hocloco
256 3860 369 3914 videtur
387 3861 448 3915 eius
468 3861 556 3930 ipsius
576 3860 670 3914 verbis
690 3860 737 3912 uti:
755 3859 863 3924 Quodsi
891 3859 1063 3928 quaerimus,
1083 3875 1138 3926 quo
1159 3868 1287 3926 ternpore
1307 3859 1380 3911 haec

99 3943 178 3994 rerba
200 3942 313 4010 scripta
331 3942 395 4009 sint,
415 3943 496 4011 ultro,
516 3942 540 3995 si
559 3958 660 3995 uersus
680 3939 733 3992 500
753 3945 780 3994 ot
797 3941 850 3994 509
869 3943 1043 4008 spectamus,
1063 3938 1091 3992 in
1112 3939 1211 4007 quibus
1231 3939 1299 3992 solis
1319 3956 1379 3992 cer-

98 4027 122 4073 ta
142 4022 244 4076 aetatis
267 4021 373 4074 iudicia
391 4023 486 4076 inesse
506 4021 644 4089 videntur,
665 4021 701 4074 ad
717 4027 846 4089 tempora
865 4036 977 4089 puunae
1010 4019 1143 4074 Actiacae
1177 4020 1380 4086 praecedentia

99 4102 271 4162 adducimur:
293 4102 347 4156 nisi
366 4101 415 4156 illo
436 4108 562 4170 ternpore
583 4103 659 4155 enim
679 4107 744 4170 post
762 4118 869 4154 artuum
890 4100 950 4155 718.
972 4101 1018 4170 (30
1037 4123 1062 4153 a.
1083 4099 1131 4154 Ch.
1151 4099 1190 4166 n.)
1205 4099 1378 4154 Octavianus

97 4199 151 4236 non
170 4183 353 4252 periclitatus
373 4188 423 4236 est.
442 4183 492 4236 lllo
513 4186 607 4236 autem
628 4187 757 4249 tempore
778 4199 862 4251 quum
882 4183 1040 4250 Euphrates
1060 4182 1106 4236 vel
1125 4186 1223 4248 gentes
1256 4179 1378 4234 Orientis

100 4279 158 4317 cum
177 4263 337 4332 Cleopatra
356 4261 540 4316 consociatae
560 4263 723 4330 movebant,
744 4268 802 4316 tum
823 4263 986 4327 Germania,
1006 4279 1073 4314 narn
1094 4261 1248 4323 verisimile
1269 4266 1313 4316 est
1330 4261 1379 4314 illo

100 4342 156 4410 ipso
175 4349 321 4413 tempore,
341 4361 396 4412 quo
417 4341 589 4398 Octavianus
610 4344 644 4396 ab
666 4343 748 4398 ltalia
767 4346 873 4410 aberat,
893 4344 1003 4400 Suevos
1031 4344 1162 4402 Rhenum
1183 4347 1378 4416 transgressos

56 4475 58 4482 ,
104 4439 169 4484 csse.
