3236 4850
790 291 806 351 7
858 323 896 332 ..

149 516 180 563 a.
211 497 269 562 Ch.
294 487 326 562 u.
351 499 487 578 scripsit
510 519 643 564 nonam
671 499 849 585 Campam,
874 489 910 566 in
934 522 1000 583 qua
1032 522 1149 583 agrum
1183 523 1279 572 suum
1314 509 1430 571 contra

148 604 333 670 Octaviani
358 608 483 670 iussum
513 607 578 671 sibi
613 611 762 687 ereptum
799 612 1023 689 conqueritur.
1062 597 1235 691 Vergilius
1271 612 1430 679 adulatur

148 711 375 776 Octavianum
400 713 575 794 Caesarem
600 715 692 778 inter
715 715 793 779 deos
817 716 987 783 beneficos
1013 717 1203 784 referendo:

313 877 476 959 ,Daphni
503 876 584 955 quid
611 879 766 958 antiquos
792 881 962 960 signorum
985 881 1127 959 suspicis
1152 883 1269 947 ortus?

308 985 397 1050 Ecce
421 987 565 1050 Dionaei
594 988 757 1066 processit
782 986 936 1052 Caesaris
961 990 1096 1070 astrum,

308 1093 457 1176 Astrum,
483 1112 546 1174 quo
572 1095 705 1173 segetes
728 1093 918 1174 gauderent
941 1092 1094 1175 frugibus
1121 1097 1154 1158 et
1178 1115 1242 1174 quo

312 1201 459 1267 Duceret
484 1202 607 1281 apricis
632 1203 668 1265 in
694 1201 833 1265 collibus
858 1219 925 1265 uva
950 1201 1112 1265 colorem‘t

1196 1308 1242 1395 (1.
1269 1311 1428 1398 46-49.)

149 1418 326 1498 Vergilius
364 1418 473 1496 igitur
512 1417 742 1479 commemorat
778 1415 810 1480 J.
851 1414 1036 1498 Caesarem,
1078 1418 1172 1480 cuius
1213 1416 1273 1482 1111
1311 1423 1430 1498 poetae

145 1527 345 1607 Auugusteae
372 1526 496 1589 aetatis
521 1541 684 1602 nusquam
709 1521 779 1587 fere
804 1520 936 1586 faciunt
960 1524 1170 1606 mentionem,
1206 1526 1303 1603 quasi
1335 1527 1429 1591 time·

144 1637 232 1716 rent,
258 1653 300 1697 ne
324 1633 383 1696 illo
408 1631 576 1696 celebrato
600 1630 717 1695 laudes
742 1631 889 1712 Augusti
902 1633 1106 1696 minuantur.
1134 1631 1204 1714 Quo
1229 1633 1300 1697 loco
1324 1635 1429 1714 signi·

144 1743 268 1806 ficatur
292 1740 392 1804 stella
416 1740 549 1820 crinita,
576 1757 641 1801 non
676 1736 779 1801 multo
816 1739 890 1816 post
922 1737 955 1802 J.
992 1736 1146 1803 Caesaris
1183 1743 1319 1804 mortem
1343 1742 1428 1823 visa,

146 1867 247 1927 quam
272 1847 416 1910 animam
441 1846 595 1909 Caesaris
621 1863 694 1910 esse
723 1846 814 1908 inter
837 1843 914 1908 deos
940 1847 1066 1925 recepti
1102 1847 1241 1926 populus
1276 1849 1427 1927 putabat.

149 1955 240 2040 (Cui.
266 1955 356 2021 Suet.
384 1955 478 2019 Caes.
506 1955 540 2020 C.
568 1953 636 2038 88.)
658 1955 751 2036 Quae
776 1953 877 2016 stella
900 1952 1043 2034 fingitur
1067 1956 1265 2032 prouentum
1308 1955 1428 2019 bonum

150 2060 285 2142 frugum
307 2063 448 2126 ominari
473 2066 507 2126 et
531 2065 709 2126 maturare.

256 2187 382 2268 Ecloga
406 2187 467 2252 IX.
494 2185 609 2251 effecit
633 2190 741 2267 poeta,
769 2187 806 2249 ut
839 2186 903 2249 sibi
929 2203 1012 2265 ager
1043 2184 1333 2250 intercedentibus
1367 2187 1428 2252 Po-

146 2295 236 2360 lione
261 2298 295 2358 et
319 2293 561 2378 Maecenateff)
587 2297 745 2358 autumno
771 2292 919 2357 eiusdem
954 2295 1034 2356 anni
1060 2291 1258 2357 redderetur
1282 2294 1427 2380 aliisque

146 2404 249 2466 etiam
297 2402 494 2466 Mantuanis
530 2419 607 2481 pars
645 2419 799 2480 agrorum
838 2402 1085 2465 restitueretur.
1122 2399 1282 2464 Dubitari
1316 2405 1428 2466 tamen

145 2528 212 2573 non
237 2512 357 2593 potest,
393 2511 473 2588 quin
511 2509 685 2573 consilium
723 2508 869 2587 Vergilii
905 2506 1018 2590 fuerit,
1055 2511 1093 2571 ut
1116 2507 1200 2572 haec
1234 2507 1362 2588 Ecloga
1386 2509 1428 2574 ab

144 2619 218 2698 ipso
244 2617 433 2682 Octaviano
457 2617 636 2696 legeretur.
668 2616 912 2695 ,Conqueritur
941 2617 1028 2678 euim
1065 2618 1164 2693 poeta
1197 2618 1328 2680 tantam
1361 2617 1428 2681 vim

145 2726 212 2789 sibi
236 2724 367 2788 illatam
392 2741 474 2805 esse,
502 2727 540 2786 ut
565 2725 747 2788 carminum
773 2721 988 2803 quorundam,
1015 2739 1101 2800 quae
1125 2723 1267 2786 maxime
1287 2723 1428 2802 impera·

143 2835 211 2896 tori
235 2832 406 2911 placuisse
430 2829 540 2895 videri
565 2834 758 2910 possunt-
776 2833 813 2894 ut
837 2833 928 2893 recte
953 2828 1195 2895 animadvertit
1218 2830 1426 2895 Ribbeckius

143 2939 277 3021 Proleg.
313 2957 390 3019 pag.
418 2945 446 3001 8.
465 2973 503 2982 -
529 2939 717 3002 memoriam
753 2937 871 3001 lectori
908 2939 1004 3015 quasi
1028 2938 1064 3000 in
1101 2939 1246 3001 animum
1281 2940 1426 3002 revocet.

144 3045 333 3110 Menalcam
359 3047 446 3109 enim
470 3063 535 3108 non
561 3048 736 3127 pastorem,
763 3043 821 3108 sed
844 3046 953 3124 ipsum
986 3047 1117 3122 poetam
1150 3047 1298 3109 nostrum
1328 3044 1428 3109 intel·

144 3151 324 3233 legendum
360 3170 432 3216 esse
469 3153 571 3216 etiam
607 3153 774 3230 expressis
826 3151 937 3214 verbis
979 3150 1157 3216 adnotarit
1195 3151 1426 3234 Quintilianus

143 3259 241 3342 VHI,
268 3265 297 3341 6,
323 3263 364 3323 47
370 3261 388 3317 ‘i
418 3260 476 3324 ilis
503 3261 591 3323 enim
607 3259 667 3323 lX.
686 3258 834 3338 Eclogae
852 3259 1015 3340 versibus,
1039 3260 1158 3338 quibus
1174 3277 1296 3340 magna
1312 3277 1427 3340 quere·

142 3369 253 3433 larum
277 3369 329 3432 vis
355 3369 454 3449 inest,
481 3367 603 3432 Moeris
630 3385 649 3431 a
674 3365 805 3453 Lycida
828 3367 906 3429 viae
932 3382 1066 3431 causam
1097 3368 1338 3449 interrogatus
1374 3383 1427 3430 ca·

141 3475 316 3540 lamitates
342 3493 419 3540 suas
445 3475 635 3554 dominique
660 3474 835 3538 Menalcae
864 3475 1007 3537 iniurias
1033 3491 1072 3537 ac
1095 3472 1246 3551 pericula
1277 3470 1426 3552 perfecte

141 3585 258 3662 pingit
282 3582 447 3662 planeque
472 3584 645 3661 exprimit:
1236 3563 1240 3570 ¹

307 3724 333 3789 Ο
359 3725 499 3807 Lycida,
524 3726 597 3790 vivi
621 3725 843 3806 pervenimus
871 3721 1002 3788 advena
1026 3724 1133 3788 nostri

308 3871 347 3879 —
373 3833 467 3916 Quod
502 3850 672 3911 nunquam
706 3833 808 3896 veriti
841 3849 953 3896 sumus
980 3868 1019 3877 -
1046 3835 1083 3895 ut
1116 3847 1285 3910 possessor
1322 3830 1426 3912 agelli

307 3939 454 4005 Diceret:
483 3939 597 4022 „Haec
621 3957 694 4004 mea
720 3941 808 4018 suut,
833 3939 966 4002 veteres
990 3940 1135 4018 migrate
1160 3938 1287 4002 coloni‘t

306 4047 403 4112 Nunc
428 4049 522 4131 victi,
548 4049 675 4129 tristes,
702 4047 857 4126 quoniam
882 4045 966 4110 Fors
990 4047 1100 4109 omnia
1124 4048 1248 4128 versat,

306 4154 374 4218 Hos
398 4155 452 4218 illi
478 4189 518 4200 —
544 4154 631 4234 quod
655 4171 717 4218 nec
740 4155 854 4217 vertat
877 4152 962 4216 bene
988 4189 1027 4197 -
1054 4153 1216 4216 mittimus
1240 4151 1374 4217 haedos.

1236 4274 1282 4361 C·
1310 4274 1424 4362 2-6.)

252 4475 284 4546 ιτ)
306 4473 490 4528 cnffflonat.
511 4475 526 4543 ᾗ
547 4473 590 4541 36,
610 4443 652 4536 96;
674 4471 753 4526 Serv.
773 4471 808 4524 ad
828 4472 884 4526 Ecl.
904 4471 950 4538 rx,
970 4470 1011 4523 11.
