3236 4850
657 264 865 330 ..q.⁴

17 533 40 565 .,
85 491 89 498 '
119 482 212 545 inter
235 481 325 546 bella
350 481 467 546 civilia
491 481 590 561 plane
610 481 844 560 neglexerunt.
870 480 991 559 Itaque
1015 496 1098 560 pace
1120 479 1281 544 restituta
1304 494 1400 559 prae-

21 577 64 685 ”j
120 591 212 668 cepit
259 590 436 653 Maecenas
487 589 628 670 Maroni,
670 592 707 651 ut
746 588 904 652 Romanis
942 588 1120 667 Georgicis
1159 586 1402 667 agriculturam

1 677 15 800 'c
119 694 421 780 commendaret.2⁰)

41 869 44 895 ς
229 801 271 864 In
295 800 431 866 lidril.
458 801 615 874 exordio,
641 821 704 880 quo
729 805 962 884 argumentum
985 805 1090 867 totius
1123 803 1280 867 carminis
1305 819 1402 882 expo·

1 895 2 908 ¹
40 889 69 930 '³³'
118 911 226 989 nitur,
250 907 384 972 dedicat
405 913 503 988 poeta
536 909 624 974 hunc
662 910 784 974 librum
820 908 890 994 (vv.
930 907 1041 995 1—5.)
1080 910 1282 991 Maecenati,
1308 911 1402 973 cuius

119 1017 261 1080 hortatu
287 1016 509 1095 precibusque
534 1016 698 1081 adductus
724 1017 892 1096 Georgica
917 1033 1109 1097 componere
1134 1018 1186 1080 est
1210 1033 1401 1096 aggressus:

286 1122 374 1205 Quid
398 1121 503 1187 faciat
527 1124 636 1188 laetas
662 1126 804 1206 segetes,
831 1143 894 1204 quo
919 1124 1029 1189 sidere
1053 1125 1177 1188 terram

284 1231 436 1314 Vertere,
463 1232 650 1314 Maecenas,
676 1233 839 1310 ulmisque
865 1231 1052 1312 adiungere
1078 1231 1158 1296 vitis

286 1340 483 1422 Conveniat,
510 1357 595 1417 quae
621 1357 701 1404 cura
725 1340 831 1421 boum,
856 1341 914 1419 qui
939 1339 1050 1404 cultus
1073 1334 1227 1402 habendo

287 1447 339 1511 Sit
362 1447 484 1529 pecori,
511 1447 630 1526 apibus
655 1450 784 1526 quanta
808 1447 1020 1526 experientia
1044 1447 1165 1528 parcis,

284 1554 350 1619 Hic
374 1572 494 1619 cauere
519 1556 689 1634 incipiam.

1095 1658 1165 1745 (vv.
1193 1664 1288 1726 1-5.
1313 1659 1336 1726 l.
1361 1659 1404 1745 I.)

231 1787 315 1851 Inde
339 1788 375 1850 in
400 1789 615 1852 invocatione
651 1787 821 1850 numinum
845 1784 916 1871 (vv.
942 1785 1076 1870 5-42.)
1109 1784 1284 1865 praefatur
1306 1787 1405 1866 poeta

3 1892 57 1911 ¹
122 1913 163 1959 ex
189 1895 412 1958 Romanorum
436 1893 632 1958 adulatione
657 1893 834 1958 Caesarem
859 1894 1083 1959 Octavianum
1117 1897 1286 1973 tamquam
1309 1894 1405 1959 brevi

25 2012 34 2038 ¹·
121 2006 274 2081 tempore
299 2000 449 2066 futuirum
487 2000 582 2065 derum
608 2003 709 2080 atque
742 1999 919 2080 profitetur
942 2019 978 2065 se
1002 2021 1067 2065 non
1095 2019 1191 2081 posse
1216 2001 1404 2083 decernere,

0 2103 59 2155 ‘³¹³³
123 2111 179 2173 cui
205 2107 312 2172 ordini
337 2107 471 2172 deorum
486 2107 661 2173 Caesarem
686 2110 731 2172 sit
755 2107 987 2191 adiuncturus,
1010 2146 1049 2155 -
1070 2112 1181 2173 utrum
1194 2110 1405 2174 terrestrium

0 2226 18 2252 ¹
50 2219 62 2259 l
124 2235 168 2280 an
196 2216 391 2281 caelestium
416 2233 459 2280 an
483 2217 695 2280 marinorum.
722 2215 826 2298 Quam
851 2235 920 2280 rem
953 2215 1038 2281 facit
1062 2217 1103 2280 ab
1135 2216 1275 2280 arbitrio
1299 2217 1406 2295 ipsius

24 2327 56 2370 ’ἰν
122 2324 310 2389 Octaviani
335 2339 544 2402 suspensam:

288 2447 405 2527 Tuque
431 2447 522 2531 adeo,
547 2467 642 2528 quem
666 2467 739 2513 mox
762 2466 848 2528 quae
873 2451 942 2514 sint
966 2449 1126 2514 habitura
1150 2447 1284 2514 deorum

287 2554 438 2619 Consilia
462 2556 627 2620 incertum
652 2559 711 2638 est,
738 2558 875 2621 urbisne
898 2558 1057 2640 invisere,
1084 2556 1218 2639 Caesar,

290 2661 534 2741 Terrarumque
560 2662 645 2726 velis
671 2681 782 2727 curam
807 2667 841 2727 et
862 2668 896 2728 te
920 2665 1081 2728 maximus
1105 2664 1194 2727 orbis

286 2766 465 2832 Auctorem
490 2767 623 2851 frugum
647 2772 949 2851 tempestatumque
973 2773 1141 2850 potentem

287 2873 455 2956 Accipiat,
482 2877 621 2957 cingens
647 2881 800 2942 materna
823 2882 973 2958 tempora
996 2881 1113 2961 myrto,

286 2982 341 3045 An
366 2981 447 3046 deus
473 2985 625 3048 immensi
649 2986 768 3049 venias
794 2987 895 3050 maris
920 3003 960 3051 ac
983 2988 1044 3050 tua
1067 2987 1193 3050 nautae

287 3089 433 3154 Numina
458 3091 528 3155 sola
553 3090 678 3174 colant,
702 3091 767 3154 tibi
792 3093 921 3157 serviat
946 3093 1064 3156 ultima
1088 3091 1259 3158 Thule...

1054 3197 1125 3284 (vu.
1151 3204 1293 3265 24-30.
1319 3199 1341 3265 l.
1366 3198 1410 3286 Ι.)

233 3302 340 3368 Poeta
365 3305 481 3369 verbis
508 3307 680 3386 „materna
704 3307 833 3386 myrto“
860 3307 935 3371 vult
960 3307 1153 3388 significare
1187 3307 1411 3372 Octavianum

28 3399 48 3451 ’ἱ
117 3409 319 3490 Augustum
351 3411 391 3474 ob
431 3411 581 3477 divinam
617 3415 728 3494 gentis
765 3431 845 3478 suae
880 3415 1044 3494 originem
1080 3413 1218 3494 dignum
1254 3431 1336 3497 esse,
1373 3418 1411 3478 ut

116 3515 296 3581 referatur
321 3519 413 3582 inter
437 3517 524 3584 deos.
561 3520 735 3601 Augustus
762 3523 849 3585 euim
887 3521 1007 3586 habuit
1043 3523 1207 3602 originem
1243 3522 1285 3585 ab
1320 3521 1409 3605 Julo,

118 3627 182 3702 qui
211 3621 279 3688 fuit
304 3625 377 3688 sive
400 3625 490 3690 filius
514 3628 588 3690 sive
613 3645 714 3706 nepos
738 3627 885 3710 Aeneae,
911 3630 1005 3693 cuius
1039 3630 1145 3692 mater
1178 3627 1292 3692 Venus
1327 3632 1410 3694 erat.

15 3763 46 3811 „a
117 3733 200 3796 Non
229 3734 282 3795 est
307 3730 418 3796 danda
441 3735 553 3797 tamen
577 3734 660 3798 haec
683 3735 852 3800 invocatio
877 3734 1074 3817 adulationi,
1102 3733 1161 3799 sed
1188 3735 1299 3814 potius
1326 3737 1412 3800 veri-

21 3845 41 3875 f'
117 3841 203 3904 tati.
230 3839 318 3902 Nam
342 3856 415 3903 cum
439 3858 550 3905 omnes
575 3842 795 3921 imperatores
816 3846 891 3922 post
914 3845 1050 3906 mortem
1081 3843 1173 3906 inter
1197 3841 1274 3907 deos
1301 3845 1413 3907 essent

4 3939 31 3979 s
121 3947 241 4028 relati,
268 3945 443 4026 Augustus
468 3949 568 4011 uivus
593 3950 714 4012 meruit
737 3949 877 4014 honores
902 3948 1091 4034 divinos21)
1117 3949 1241 4014 Caesar
1265 3949 1413 4030 appella·

236 4157 272 4226 ²⁰)
292 4157 478 4212 Ribbeckius.
499 4159 599 4213 Gesch.
620 4158 672 4212 der
690 4165 761 4212 rdm.
780 4159 870 4214 Dicht.
888 4161 920 4230 ll,
939 4159 981 4226 343

237 4281 273 4352 ²¹)
293 4281 345 4335 Hic
365 4283 443 4337 locus
463 4288 506 4337 est
525 4284 691 4338 referendus
711 4284 747 4337 ad
768 4301 793 4338 a.
813 4287 848 4339 86
868 4303 892 4341 a.
910 4285 959 4339 Ch.
980 4303 1015 4350 n,
1048 4301 1112 4339 cum
1144 4284 1265 4339 Senatus
1299 4285 1414 4339 decreto

2 4349 32 4436 ,327
125 4363 307 4418 Octauianus
328 4363 448 4417 victoria
467 4366 503 4417 ab
539 4364 666 4433 Agrippa
685 4365 720 4420 de
741 4365 806 4428 Sex,
837 4366 975 4435 Pompeio
996 4370 1140 4435 reportata
1160 4365 1191 4419 in
1211 4365 1329 4434 singulis
1347 4365 1415 4419 civi·

125 4446 232 4500 tatibus
254 4446 330 4500 inter
350 4445 419 4498 deos
439 4445 628 4516 municipales
648 4446 703 4501 coli
723 4448 874 4520 coepisset
894 4446 1026 4517 (Appian.
1045 4448 1073 4500 b.
1093 4446 1147 4501 civ.
1168 4445 1199 4515 V,
1220 4446 1292 4520 lca)
1383 4521 1386 4530 Ι
