3236 4850
729 271 936 338 ..22-

195 486 473 551 1110110101111010
514 490 549 551 01
586 506 823 568 „quaecunque
860 489 901 552 ab
939 489 1092 568 Angusto
1127 486 1268 565 peteret,
1305 484 1475 563 repulsam

195 610 365 672 nunqnam
390 593 576 678 habuit‘iffl)
600 595 684 660 Eius
710 594 880 662 voluntati
908 597 1055 659 libenter
1089 591 1302 658 satisfaciens
1336 591 1476 670 scripsit

196 698 378 765 Aeneidem
403 703 437 764 et
461 702 496 765 in
522 703 593 766 eius
618 721 759 782 persona
785 703 933 767 celebrat
956 704 1165 768 maiestatem
1181 699 1296 780 populi
1320 698 1474 762 Romani.

198 805 240 868 In
265 802 447 872 Octaviani
469 810 556 872 enim
579 827 722 888 persona
746 808 831 873 dirae
856 809 936 873 illae
969 810 1189 874 Romanorum
1222 807 1354 887 ingenii
1387 824 1476 870 sum·

196 931 268 978 mae
292 911 448 997 virtutes,
489 913 656 980 fortitudo
695 920 729 979 01
761 919 881 998 pietas,
919 919 1009 980 inter
1045 933 1080 980 se
1116 915 1326 979 consociatae
1363 915 1474 978 orant.

196 1018 314 1099 ltaque
339 1023 400 1086 sub
424 1041 567 1102 persona
591 1023 726 1088 Aeneae
750 1023 837 1088 latet
870 1026 1031 1104 Princeps
1061 1022 1246 1105 Augustus,
1281 1023 1338 1103 qui
1372 1024 1475 1086 natus

197 1144 271 1191 esse
305 1128 439 1193 ridetur
463 1130 604 1212 Maroni,
636 1134 673 1195 ut
696 1132 905 1197 maiestatem
930 1134 963 1195 et
1001 1131 1142 1212 gloriam
1181 1129 1295 1209 populi
1331 1127 1476 1192 Romani

198 1235 357 1301 eveheret
382 1236 424 1300 ad
449 1255 607 1302 summum
631 1237 863 1323 fastigiumss)

306 1343 398 1425 Quae
423 1345 533 1408 omnia
558 1346 583 1409 si
610 1347 815 1428 respicimus,
840 1365 905 1410 non
930 1363 1100 1424 possumus
1125 1363 1190 1408 non
1215 1342 1366 1409 confiteri
1390 1341 1476 1405 Ver-

198 1449 316 1529 gilium
341 1469 382 1516 ex
406 1454 523 1516 intimo
546 1452 643 1518 corde
672 1455 846 1532 animoque
881 1473 938 1518 suo
972 1451 1127 1532 Augusto
1164 1470 1236 1516 0000
1268 1452 1474 1514 subiectum:

200 1574 262 1634 quo
292 1576 332 1621 ex
358 1557 450 1622 fonte
474 1561 582 1624 oritur
607 1560 707 1624 etiam
733 1562 804 1625 eius
831 1559 873 1625 ad
906 1561 1097 1639 Augustum
1128 1560 1257 1625 animus
1292 1558 1391 1637 plane
1417 1555 1477 1620 ad-

198 1665 336 1728 strictus
361 1667 498 1745 eiusque
522 1669 715 1731 reverentia
740 1671 773 1730 01
796 1670 916 1750 pietas,
943 1685 1028 1752 quae
1052 1667 1147 1729 iubet
1166 1666 1335 1730 Maronem
1362 1665 1477 1729 colere

199 1770 423 1836 Octavianum
448 1777 616 1852 tamquam
640 1793 734 1839 suum
760 1774 865 1839 doum.

307 1878 353 1942 Ut
379 1879 524 1958 denique
548 1899 634 1960 quae
671 1880 711 1944 de
747 1881 896 1945 Maronis
934 1882 1120 1946 virtutibus
1158 1883 1295 1960 eiusque
1331 1882 1481 1945 moribus

200 1986 332 2063 antiqui
356 1987 586 2070 innotuerunt,
612 1988 807 2070 adiciamus,
833 2006 944 2052 omnes
969 1988 1111 2053 tradunt
1147 1989 1229 2054 adeo
1264 2007 1336 2053 oum
1361 1989 1482 2068 benig-

200 2111 277 2155 num
302 2096 336 2156 01
359 2092 538 2158 humanum
563 2094 678 2177 luisse,
704 2099 742 2158 ut
767 2113 896 2175 semper
919 2097 1030 2160 omnia
1054 2114 1126 2160 cum
1152 2099 1268 2162 amicis
1294 2099 1482 2162 communia

201 2199 350 2263 haberet.
377 2198 513 2284 (Donat.
540 2200 558 2286 ξ
585 2200 654 2286 66)
688 2203 770 2266 Fuit
806 2222 901 2282 porro
939 2201 1021 2267 adeo
1057 2207 1250 2269 mansuetus
1287 2207 1321 2269 01
1361 2223 1479 2284 expers

202 2309 307 2371 omnis
331 2308 495 2390 invidiae,
522 2312 559 2373 ut
584 2311 709 2372 nemini
739 2311 945 2374 obtrectaret
971 2313 1004 2372 et
1027 2310 1202 2394 gauderet,
1229 2313 1258 2376 si
1282 2311 1362 2390 quid
1386 2330 1478 2392 egre-

202 2416 252 2494 gii
277 2417 318 2480 ab
343 2417 409 2480 alio
434 2415 618 2495 perfectum
644 2420 741 2498 00001,
768 2434 807 2481 00
832 2418 860 2480 01
885 2415 919 2479 id
944 2417 1016 2494 ipse
1041 2415 1186 2482 fecisset.
1219 2416 1356 2502 (Donat.
1382 2417 1400 2502 ξ
1423 2423 1476 2482 66.

205 2521 269 2605 sq.)
294 2522 405 2604 Quare
439 2543 503 2588 non
538 2527 589 2588 est
622 2525 740 2587 mirum
775 2523 963 2603 Vergilium
997 2524 1062 2587 sibi
1096 2543 1206 2590 omnes
1239 2523 1310 2589 fere
1344 2527 1482 2590 eximios

205 2631 294 2694 viros
320 2649 401 2696 suae
426 2632 549 2695 aetatis
575 2630 657 2695 adeo
687 2630 894 2711 conciliasse,
932 2633 970 2694 ut
994 2631 1035 2694 ab
1072 2633 1114 2696 iis
1152 2651 1280 2713 semper
1316 2633 1484 2698 coleretur

207 2739 240 2799 et
265 2741 443 2802 amaretur.
471 2738 551 2802 Cum
591 2739 635 2802 110
674 2756 803 2816 quoque
843 2739 1012 2802 contraxit
1051 2740 1202 2804 intimam
1242 2740 1426 2804 amicitiam
1450 2743 1482 2803 et

207 2842 484 2909 familiaritatem.
510 2846 647 2928 (Donat.
673 2844 691 2930 ξ
718 2850 769 2909 38.
797 2863 843 2924 sq.
871 2844 996 2930 0167.)
1021 2847 1146 2920 Tamen
1171 2847 1483 2910 lrabuitetinimi-

207 2969 270 3034 cos,
297 2954 354 3030 qui
379 2953 560 3018 Octaviani
589 2953 794 3032 potissimum
828 2955 997 3018 amicitiae
1043 2951 1154 3037 (quern
1187 2954 1223 3016 in
1259 2953 1397 3032 Eclogis
1434 2954 1486 3016 ni-

206 3059 267 3123 mis
284 3059 441 3124 adulatus
467 3079 539 3125 esse
571 3060 763 3144 ridebatur)
788 3063 819 3124 ei
843 3060 1038 3125 inviderent
1063 3062 1097 3124 01
1121 3062 1270 3124 carmina
1295 3061 1366 3123 eius
1396 3061 1487 3123 ritu-

155 3223 157 3226 ,
207 3171 366 3245 pararent
390 3168 444 3231 vel
470 3166 675 3232 adulationis
700 3171 909 3232 accusarent.
936 3165 1072 3251 (Donat.
1098 3165 1117 3252 ᾧ
1143 3172 1195 3231 61.
1221 3164 1285 3251 sq.)

315 3274 351 3338 si
379 3279 490 3339 autem
515 3275 665 3339 adulatio
690 3293 819 3354 quoque
847 3275 934 3354 apud
974 3274 1162 3356 Vergilium
1197 3275 1381 3355 inuenitur,
1419 3293 1489 3337 non

207 3383 542 3462 praetermittendam
567 3402 639 3447 osse
665 3382 751 3447 hanc
775 3383 975 3446 mentionem
1008 3386 1162 3462 putamus
1197 3381 1404 3446 adulationis
1430 3400 1491 3461 ge-

208 3508 270 3553 nus
295 3491 365 3554 illis
390 3492 594 3569 temporibus
619 3510 684 3554 non
710 3491 884 3554 obscurum
918 3490 1022 3553 1111000
1048 3491 1107 3553 aut
1140 3488 1310 3553 celebrare
1343 3489 1491 3566 impera-

207 3601 296 3662 tores
324 3601 382 3664 aut
407 3600 674 3684 eisconrponere
698 3615 799 3676 opera
837 3596 889 3659 101
932 3596 1108 3660 uenditare
1148 3594 1322 3676 vaticinia,
1364 3596 1491 3672 quibus

208 3708 275 3770 iarn
301 3707 377 3770 011111
404 3707 579 3785 imperium
604 3708 664 3769 aut
703 3705 847 3784 insignis
889 3703 1004 3781 aliqua
1043 3703 1191 3768 felicitas
1231 3705 1314 3782 ipsis
1353 3705 1493 3768 ostenta

208 3813 363 3897 fuissent,
392 3851 430 3859 —
456 3816 494 3878 ut
519 3818 554 3878 et
579 3830 667 3878 nunc
692 3830 823 3894 quoque
848 3829 949 3888 saepe
974 3811 1022 3874 111.

319 4011 350 4078 ⁴⁰)
371 4009 472 4065 Donat.
493 4011 509 4077 ξ
531 4006 572 4059 24-

320 4116 351 4206 ⁴¹)
374 4134 550 4189 Schantzius.
571 4132 639 4186 Hist.
659 4134 709 4186 litt.
729 4132 810 4188 Rom.
830 4147 893 4200 pag.
914 4129 957 4184 38.
