3236 4850
776 225 984 288 ...15-

402 434 479 500 Mox
502 438 613 500 tamen
639 435 789 501 ardentis
814 439 974 518 accingar
998 438 1109 504 dicere
1134 458 1264 519 pugnas

404 543 558 608 Caesaris
583 546 617 607 et
640 563 758 607 nomen
782 543 871 608 fama
893 548 944 610 tot
968 545 1055 610 serre
1080 566 1139 627 per
1164 565 1278 630 annos,

403 652 541 715 Tithoni
564 654 671 731 prima
695 655 775 730 quot
800 654 896 718 abest
919 655 960 718 ab
986 657 1116 734 origine
1142 656 1273 720 Caesar.

243 777 401 842 Sollemni
426 779 597 856 poetarum
631 775 775 840 artificio
809 781 1006 856 pronuntiat
1042 780 1135 844 Maro
1160 799 1194 844 se
1224 779 1372 861 Augusti
1405 782 1525 860 laudes

244 885 286 948 ad
312 902 415 948 annos
441 885 640 964 posteriores
665 884 881 950 firmaturum.
908 886 980 949 Non
1005 889 1092 951 enim
1115 887 1269 951 Aeneida
1290 889 1446 970 scribere,
1466 889 1526 953 sed

243 992 283 1056 de
308 991 456 1071 Augusti
483 991 582 1054 rebus
606 991 642 1055 in
668 993 777 1054 animo
801 992 921 1056 habuit
946 992 1129 1076 Vergilius,
1161 1013 1258 1073 quam
1292 1013 1359 1058 rem
1392 1015 1526 1074 quoque

242 1103 278 1164 in
302 1102 451 1179 imagine
474 1099 592 1178 templi
616 1117 647 1164 v.
676 1103 816 1164 12-39.
843 1099 864 1163 i.
889 1100 951 1164 HI.
984 1098 1105 1181 Georg.
1142 1102 1360 1184 significavit,
1387 1106 1425 1166 ut
1450 1122 1526 1182 pro-

244 1210 378 1273 missum
403 1225 496 1270 sumn
520 1207 660 1286 gravius
691 1205 910 1271 confirmaret.
947 1207 1011 1272 Sed
1046 1208 1184 1272 consilio
1218 1209 1348 1273 abiecto
1380 1210 1528 1274 inseruit

244 1314 387 1379 Aeneidi
413 1313 530 1378 laudes
556 1313 704 1394 Augusti
730 1315 764 1376 et
788 1315 881 1392 operi
905 1314 984 1378 huic
1016 1314 1181 1394 impendit
1205 1315 1255 1379 XI
1280 1333 1394 1380 annos.
1421 1313 1525 1400 (29—

245 1428 297 1488 19.
323 1441 352 1488 a.
380 1422 438 1486 (ih.
463 1419 512 1504 n.)

352 1528 392 1592 iu
416 1525 581 1592 Aeneide
605 1529 778 1607 proposuit
803 1528 868 1592 sibi
891 1532 990 1608 poeta
1015 1531 1186 1610 complecti
1213 1531 1387 1595 historiam
1413 1534 1447 1595 et
1472 1551 1527 1596 res

245 1642 359 1720 gestas
385 1635 499 1717 populi
523 1637 673 1700 Romani.
700 1637 785 1700 Nam
809 1635 884 1700 dum
919 1636 1080 1701 describit
1112 1656 1165 1702 res
1199 1656 1237 1702 ac
1271 1638 1344 1714 fata
1375 1637 1527 1722 Aeneae,

244 1752 327 1813 scite
352 1747 557 1825 interposuit
585 1745 690 1809 variis
718 1745 799 1808 locis
835 1763 884 1826 ea,
912 1762 996 1822 quae
1023 1762 1043 1808 a
1067 1746 1199 1808 summis
1233 1746 1316 1809 viris
1353 1745 1419 1809 alio
1457 1746 1530 1809 alia

244 1858 357 1920 aetate
383 1855 462 1916 sunt
486 1849 640 1935 gestaffl)
665 1853 873 1916 Octavianus
897 1855 1009 1914 tamen
1035 1851 1303 1931 splendidissime
1319 1854 1369 1915 est
1386 1856 1529 1916 ornatus

245 1963 305 2027 hoc
330 1962 487 2027 carmine.
513 1959 613 2022 Nullo
636 1957 728 2023 modo
758 1961 891 2038 poterat
924 1977 1063 2036 usquam
1084 1961 1193 2024 virtus
1218 1960 1316 2024 huius
1341 1961 1433 2023 tanti
1458 1962 1526 2025 viri

244 2068 364 2150 populo
389 2068 535 2132 Romano
562 2064 792 2148 commendari,
824 2084 920 2144 quarn
944 2067 980 2129 in
1005 2084 1041 2129 eo
1073 2084 1182 2148 opere,
1207 2066 1292 2144 quod
1317 2066 1359 2130 ad
1393 2066 1530 2146 praedi-

246 2175 385 2242 candam
411 2177 482 2239 eius
506 2175 621 2254 populi
645 2174 786 2254 gloriam
811 2176 952 2252 spectat.

351 2283 417 2346 Pro
441 2284 622 2361 temporum
647 2281 779 2344 illorum
802 2282 934 2344 rationo
950 2278 1036 2343 nihii
1058 2281 1301 2360 praetermittit
1317 2282 1425 2362 poeta,
1445 2283 1530 2359 quin

244 2389 442 2455 blandiatur
466 2389 641 2452 ambitioni
665 2387 780 2467 populi
809 2386 1005 2472 Romanae)
1031 2404 1103 2452 omn
1127 2387 1210 2452 haec
1236 2388 1414 2452 scriberet:

407 2515 457 2578 Tu
482 2532 601 2594 regere
625 2515 763 2592 imperio
788 2514 934 2595 populos,
963 2513 1117 2596 Romane,
1142 2517 1318 2594 mement03

407 2623 482 2686 Hae
505 2623 571 2686 tibi
596 2625 695 2686 erunt
718 2624 819 2704 artes,
846 2623 1005 2701 pacisque
1028 2623 1198 2701 imponere
1222 2640 1352 2706 morem,

407 2731 551 2794 Parcere
576 2730 744 2795 subiectis.
762 2732 797 2793 et
821 2728 991 2793 debellare
1016 2730 1185 2808 superbos.

1111 2835 1210 2921 (Aen.
1237 2836 1295 2920 VI,
1322 2837 1531 2923 saa-aod.)

246 2967 362 3045 Neque
386 2965 489 3030 alium
523 2982 718 3043 quemquam
752 2965 920 3029 meliorem
951 2965 1086 3028 invenit
1119 2963 1222 3046 Maro,
1259 2965 1352 3027 cuius
1384 2981 1531 3042 persona

247 3075 335 3138 esset
360 3074 470 3152 aptior
494 3072 536 3136 ad
561 3091 654 3136 suurn
689 3073 873 3154 consilium,
901 3090 998 3149 quam
1022 3069 1181 3152 Aeneam⁷
1206 3071 1346 3149 primum
1380 3071 1532 3135 condito·

245 3200 314 3245 rem
338 3183 388 3244 rei
414 3180 583 3244 Romanae
607 3182 642 3244 et
666 3182 834 3243 auctorem
858 3181 964 3259 ipsius
982 3180 1090 3244 Iuliae
1108 3179 1231 3262 gentis,
1246 3181 1282 3242 in
1297 3179 1531 3256 quamaDivo

247 3287 334 3352 Iulio
360 3286 504 3351 Caesare
529 3286 737 3351 Octavianus
770 3285 943 3367 Augustus
970 3288 1043 3350 erat
1077 3284 1236 3351 adscitus
1270 3285 1391 3365 Itaque
1424 3290 1531 3352 totam

247 3397 412 3474 poeticam
437 3396 542 3459 artem
572 3411 664 3458 suam
689 3395 724 3457 in
758 3392 872 3472 populi
905 3393 1047 3457 Romani
1072 3396 1105 3456 et
1128 3394 1241 3473 gentis
1275 3393 1384 3457 Iuliae
1418 3394 1531 3474 gioria

247 3501 450 3568 celebranda
482 3503 614 3567 versari
647 3500 821 3580 Vergilius
856 3500 973 3565 votuit.
1007 3500 1078 3565 Hoc
1122 3502 1209 3564 enim
1246 3503 1317 3565 eius
1352 3501 1531 3565 consilium

247 3593 352 3674 fuisse
376 3611 512 3691 praeter
535 3610 641 3672 totum
666 3610 897 3688 argumentum
930 3611 1087 3673 carminis
1111 3610 1208 3673 multi
1233 3626 1362 3689 quoque
1402 3609 1532 3689 singuli

246 3718 311 3783 loci
335 3717 495 3797 poematis
521 3715 760 3781 demonstrant.

356 3841 469 3923 Quare
494 3843 561 3905 iam
585 3843 769 3920 proximum
796 3843 847 3905 est
872 3842 1065 3905 examinare
1095 3842 1196 3919 atque
1219 3842 1390 3919 inquirere
1414 3843 1451 3904 in
1477 3859 1533 3906 eos

247 3947 409 4013 Aeneidis
434 3949 532 4031 locos,
559 3950 616 4028 qui
638 3948 681 4013 ad
705 3947 896 4028 Augustum
919 3950 1102 4027 pertinent.
1128 3947 1225 4013 Hanc
1249 3949 1393 4014 locorum
1410 3950 1532 4013 seriem

247 4056 498 4123 considerantes
513 4057 731 4121 retinebimus
745 4056 894 4121 ordinem
910 4055 1069 4120 librorum
1088 4074 1172 4138 eum,
1191 4075 1254 4134 quo
1270 4075 1361 4122 nunc
1377 4060 1529 4122 exstant.

354 4269 388 4339 ³¹)
408 4269 468 4325 Cnf.
489 4269 611 4337 exempli
632 4286 720 4324 causa
738 4269 781 4337 VI,
803 4268 953 4334 oso-883,
974 4273 1001 4323 et
1020 4270 1063 4339 IX,
1084 4268 1162 4323 626-
1176 4269 1236 4323 728.

355 4394 388 4466 ³²)
409 4395 586 4450 Schantzius.
606 4395 675 4453 Hist.
694 4395 745 4450 litt.
764 4395 846 4449 Rom.
866 4410 930 4466 pag.
950 4394 993 4448 43.
