3236 4850
698 211 905 273 *4*

163 423 236 488 Non
260 426 312 489 est
335 426 534 488 narraturus
559 425 658 504 poeta
682 426 741 488 aut
770 422 1084 504 Gigantomaehiam
1118 428 1177 489 aut
1201 443 1347 506 pugnam
1373 425 1438 492 La·

163 531 332 611 pitharum
363 549 435 595 eum
469 530 658 614 Centauris,
690 530 748 595 sed
782 534 1014 611 argumentum
1038 533 1072 595 et
1096 533 1239 597 materia
1273 534 1439 617 carminis,

163 639 249 719 quod
274 639 465 720 composuit,
491 639 576 704 levis
602 641 711 702 estet
736 641 816 718 apta
841 639 970 703 viribus
988 638 1199 703 iuvenilibus
1221 641 1350 718 poetae.
1371 639 1441 722 Quo

165 746 321 830 carmine,
348 763 544 824 quamquam
567 746 695 829 humili,
721 745 957 827 divulgabitur
982 762 1111 824 quoque
1128 744 1238 826 gloria
1254 745 1289 808 in
1307 745 1442 812 Octavii

163 853 332 919 honorem:

323 959 466 1041 Hoetu,
493 962 608 1024 saneto
634 977 725 1042 puer,
752 960 985 1025 memoraberis
1011 963 1045 1025 et
1069 961 1134 1024 tibi
1156 963 1283 1026 eresoet

325 1065 442 1130 Gloria
459 1067 659 1145 perpetuum
683 1068 808 1150 luoenS,
836 1086 994 1133 mansura
1016 1087 1076 1148 per
1100 1087 1227 1151 aerum,

325 1172 371 1236 Et
395 1173 459 1237 tibi
485 1173 563 1238 sede
586 1175 643 1254 pia
668 1178 803 1239 maneat
826 1174 917 1239 loeus
943 1178 977 1239 et
1000 1175 1065 1239 tibi
1090 1193 1202 1254 sospes

327 1279 453 1344 Debita
477 1279 592 1345 felices
617 1284 810 1345 numeretur
833 1282 907 1345 vita
931 1301 991 1361 per
1013 1299 1126 1364 armoe,

327 1386 445 1468 Grata,
472 1387 566 1452 bonis
591 1387 717 1454 luoeus

1211 1476 1257 1563 (v.
1286 1477 1444 1562 37—41.)

163 1581 368 1664 Quamquam
401 1585 510 1664 igitur
549 1585 744 1667 exposituri,
783 1585 902 1663 quibus
937 1586 1035 1649 rebus
1064 1583 1232 1650 adductus
1270 1584 1444 1664 Vergilius

164 1689 310 1774 Octavii,
336 1693 359 1756 i.
385 1709 413 1755 e.
452 1691 643 1773 Octaviani,
685 1693 884 1757 mentionem
922 1693 959 1755 in
998 1691 1111 1756 Ouliee
1150 1692 1278 1774 feeerit,
1321 1694 1445 1756 tertam

165 1812 299 1861 eausam
320 1781 431 1862 ‘affere
456 1816 521 1862 non
544 1816 725 1882 possumus,
751 1801 864 1863 tamen
889 1799 1129 1878 quaerentibus
1154 1799 1260 1881 nobis,
1286 1817 1349 1878 quo
1373 1799 1446 1862 ani·

161 1921 211 1966 mo
236 1907 335 1982 poeta
359 1905 493 1970 iuvenis
518 1905 579 1969 hoe
606 1907 764 1988 tempore,
803 1907 966 1970 numiam
998 1907 1034 1971 in
1067 1905 1204 1986 praedio
1237 1905 1371 1969 Andino
1398 1907 1447 1968 vi·

164 2015 233 2076 tam
258 2013 392 2095 agebat,
418 2014 454 2076 in
478 2012 668 2094 Augustum
702 2013 815 2096 fuerit,
856 2015 910 2080 vir
945 2014 1040 2078 nobis
1075 2016 1225 2095 apparet,
1264 2014 1322 2092 qui
1346 2011 1445 2076 Oeta-

166 2119 302 2182 vianum
327 2137 452 2183 summa
478 2137 549 2184 oum
574 2122 703 2199 pietate
729 2120 907 2185 dilexerat.
948 2119 1013 2184 Sed
1048 2121 1121 2199 ipse
1161 2119 1219 2183 ille
1263 2119 1444 2200 „iuvenilis

94 2307 96 2312 Ι
160 2226 276 2290 lusus“
305 2245 370 2290 non
395 2227 534 2291 multum
559 2228 700 2306 probare
725 2229 836 2306 potest
860 2227 902 2292 ad
933 2225 1225 2291 demonstrandum
1250 2227 1285 2290 in
1310 2227 1445 2290 univer-

167 2351 237 2398 sum
264 2332 410 2414 Vergilii
434 2335 470 2397 in
495 2332 686 2416 Augustum
712 2336 866 2400 animum.
900 2333 1022 2413 Itaque
1056 2332 1200 2397 nondum
1233 2335 1445 2414 argumento·

165 2459 237 2506 rum
263 2441 358 2520 eopia
382 2440 557 2506 exhausta.

782 2745 828 2810 ΙΙ.

274 2939 354 3003 Post
394 2941 618 3006 Mutinensem
657 2959 803 3021 pugnam
843 2941 888 3025 (a.
929 2945 970 3005 43
1011 2959 1040 3005 a.
1064 2940 1122 3005 Ch.
1164 2939 1211 3024 n.)
1251 2941 1447 3020 provintiae

167 3046 441 3131 Transpadanae,
468 3067 553 3127 quae
578 3050 798 3114 Mantuanam
823 3052 992 3130 regionem
1017 3047 1291 3129 amplectebatur,
1318 3048 1447 3127 praefe-

172 3155 219 3219 tit
244 3153 411 3218 Antonius
436 3155 592 3219 Asinium
616 3155 796 3220 Polionem.
820 3155 884 3237 Qui
909 3154 1014 3218 nobili
1040 3172 1164 3234 genere
1198 3157 1300 3236 ortus,
1340 3155 1447 3234 ,lepo-

167 3281 239 3325 rum
265 3261 411 3326 disertus
437 3280 520 3342 puer
545 3281 584 3328 ae
608 3263 838 3345 facetiarum,
864 3281 930 3327 nou
955 3263 1058 3327 solum
1082 3263 1154 3341 ipse
1182 3262 1316 3325 litteras
1342 3265 1447 3326 artes-

168 3387 232 3448 que
258 3370 370 3451 ooluit,
397 3369 455 3434 sed
480 3371 582 3434 etiam
607 3388 672 3452 eos,
699 3389 718 3434 a
743 3372 863 3450 quibus
888 3371 966 3435 illas
1004 3370 1067 3434 ooli
1104 3370 1327 3448 comperisset.
1366 3368 1447 3433 Cum

166 3494 244 3540 vero
270 3475 339 3540 tale
364 3478 435 3540 eius
463 3477 529 3540 viri
552 3478 726 3558 ingenium
750 3481 849 3560 esset,
875 3477 948 3542 fieri
982 3495 1047 3542 non
1082 3477 1201 3557 potuit,
1236 3477 1317 3555 quin
1352 3476 1446 3540 Polio

167 3586 298 3650 Maroni
323 3583 452 3649 aditum
477 3586 518 3650 ad
544 3603 579 3650 se
616 3585 753 3670 (lereti)
777 3586 808 3650 A
833 3606 896 3667 quo
934 3587 1102 3650 excitatus
1139 3586 1322 3663 oomposuit
1348 3586 1446 3650 anuis

167 3698 299 3758 43—38
334 3696 394 3757 aut
419 3698 458 3756 37
486 3712 515 3757 a.
543 3693 600 3758 Clr.
627 3712 658 3758 n.
701 3695 849 3759 earmina
888 3693 1040 3758 bucolica
1080 3693 1152 3756 sire
1186 3691 1341 3772 Eulogas.
1382 3691 1447 3774 Qui

167 3803 247 3867 anni
272 3800 427 3866 ineidunt
451 3803 486 3864 in
510 3801 586 3865 illos
611 3803 728 3883 motus,
755 3805 811 3880 qui
826 3804 930 3866 totam
947 3801 1083 3864 ltaliam
1100 3803 1348 3864 eoneusserunt.
1367 3800 1447 3864 Post

168 3927 314 3989 pugnam
341 3910 427 3972 enirn
453 3907 495 3973 aul
524 3908 697 3988 Philippos
732 3908 853 3975 saetam
888 3907 932 3994 (a.
958 3913 1000 3972 42
1026 3926 1055 3972 a.
1082 3909 1139 3974 Oh.
1166 3907 1214 3987 n.)
1249 3908 1447 3972 dimiserunt

167 4017 374 4084 Octavianus
400 4018 434 4080 et
458 4015 624 4081 Antonius
650 4019 803 4082 emeritos
828 4017 952 4080 milites
978 4019 1012 4079 et
1036 4035 1090 4081 eos
1115 4018 1151 4080 in
1169 4017 1304 4080 Italiam
1334 4015 1445 4080 redire

168 4125 349 4188 iusserunt.
376 4121 583 4188 Octauianus
607 4126 679 4202 ipse
703 4125 839 4189 Romam
876 4141 1041 4207 reversus,
1070 4122 1268 4188 divisionem
1293 4141 1447 4203 agrorum

168 4235 219 4296 est
246 4249 437 4312 aggressus.
463 4231 552 4296 Vere
577 4233 658 4295 anni
682 4236 722 4296 41
751 4251 780 4296 a.
809 4233 866 4296 (lh.
892 4251 924 4297 n.
950 4233 1042 4295 misit
1060 4232 1191 4295 turbam
1210 4233 1446 4294 veteranorum

274 4426 294 4499 ⁶)
315 4425 375 4481 cns.
393 4425 450 4479 Ecl.
469 4425 539 4480 Vlll.
560 4425 593 4478 10
612 4441 673 4496 squ.
